1717 3092
262 239 269 248 ο

322 355 445 420 374

818 601 1028 661 PRO

320 789 683 876 REGE
756 785 1534 899 DEJOTARO.

584 1054 679 1100 AD
734 1054 793 1098 C·
846 1053 1252 1098 canullan.

601 1223 988 1283 ORATIO
1025 1226 1214 1284 XLII.

466 1485 583 1542 UM
604 1479 663 1541 in
681 1479 946 1541 omnibus
961 1474 1130 1540 caufis
1144 1476 1522 1558 gravioribus}

486 1573 556 1626 C.
576 1565 795 1640 Caesar,
820 1567 986 1624 initio
1017 1564 1234 1624 dicendi
1263 1585 1518 1626 commo-

306 1654 429 1712 veri
456 1650 656 1712 soleam
678 1653 1080 1725 vehementius,
1101 1670 1266 1729 quam
1292 1651 1518 1712 videtur

304 1738 399 1798 vel
417 1739 565 1813 υἷας,
588 1739 677 1798 vel
693 1753 837 1798 aetas
854 1759 976 1797 mea
997 1734 1290 1817 postulare,
1309 1754 1436 1797 tum
1453 1741 1518 1799 in.

306 1827 411 1885 hac
429 1823 585 1884 causa
614 1827 691 1884 ita
722 1845 810 1883 me
845 1823 1018 1882 multa
1049 1825 1396 1902 perturbant,
1423 1839 1518 1900 ut,

304 1927 574 1990 quantum
592 1931 713 1970 mea
724 1909 862 1970 fides
879 1908 1036 1968 studii
1070 1909 1204 1966 mihi
1220 1907 1418 1970 afferat
1439 1909 1517 1972 ad

304 1997 527 2058 salutem
546 1999 689 2074 regis
705 1997 952 2072 Dejotari
968 1993 1518 2070 defendendam‚tan-

304 2098 424 2142 tum
456 2081 737 2142 facultatis
760 2083 930 2141 timor
953 2080 1220 2141 detrahat.
1267 2084 1515 2161 primum

304 2169 435 2230 dico
451 2189 555 2248 pro
574 2173 773 2245 capite,
796 2165 1139 2246 fortunisque
1155 2170 1326 2245 regist
1353 2169 1516 2249 quod

304 2255 480 2336 ipsum
495 2255 591 2314 etfi
606 2275 723 2314 non
760 2255 1014 2333 iniquum
1036 2252 1130 2327 est,
1161 2257 1219 2313 in
1247 2270 1344 2314 tuo
1361 2255 1513 2316 dun-

299 2355 455 2402 taxat
471 2341 745 2421 peric-alm
770 2356 954 2398 tamen
969 2337 1044 2398 est
1059 2341 1136 2397 ita
1161 2339 1510 2418 inufitatum,

299 2447 487 2504 regem
502 2429 696 2506 capitis
714 2446 864 2484 reum
881 2423 1068 2498 effe,ut
1085 2441 1214 2485 ante
1235 2431 1344 2487 hoc
1361 2444 1512 2488 tem-

297 2533 405 2592 pus
428 2533 545 2570 non
562 2512 625 2572 fit
640 2511 908 2570 auditum.
935 2511 1134 2571 deinde
1147 2533 1274 2572 eum
1289 2533 1506 2592 regem,

296 2613 461 2672 quem
492 2618 695 2656 ornare
726 2613 889 2656 antea
919 2603 1122 2657 cuneto
1145 2619 1271 2658 cum
1303 2597 1505 2662 senatu

288 2678 551 2760 solebam,
572 2703 681 2762 pro
712 2685 998 2766 perpetuis
1027 2685 1150 2764 ejus
1172 2685 1502 2750 innostram
