1717 3092
196 165 311 224 204
508 139 1054 203 ORATIO

196 251 413 314 eolume
442 244 695 321 domum,
737 261 948 326 praeter
977 267 1044 308 os
1061 243 1199 308 illud
1221 245 1404 330 pristi-

197 359 337 400 num
366 351 543 408 tuum,
568 331 821 414 retulisti:
865 335 961 412 qui
999 335 1262 414 primum,
1290 357 1410 414 qua

199 425 419 484 veneris
434 441 559 480 cum
576 419 831 480 laureatis
843 419 952 478 tuis
969 420 1250 482 lictoribus
1253 423 1410 502 ,quis

200 509 329 572 scit?
355 527 501 589 quos
526 520 643 566 tum
662 504 1020 581 Maeandros,
1044 505 1177 566 dum
1201 527 1420 568 omnes·

199 595 520 658 solitudines
537 591 894 672 persequeris,
917 613 1061 674 quae
1076 591 1416 654 diverticula

200 677 576 758 flexionesque
595 676 867 758 quaesisti?
893 677 1048 758 quod
1075 692 1132 738 te
1159 681 1407 740 munici-

203 771 356 850 pium
370 766 538 828 vidit?
578 767 703 844 quis
718 766 926 824 amicus
941 767 1204 825 invitavit
1221 767 1246 824 ἓ
1279 766 1420 845 quis

204 852 405 934 hospes
421 849 891 930 adspexit3nonne
912 853 1016 912 tibi
1027 871 1148 911 nox
1161 865 1280 910 erat
1301 873 1422 932 pro

206 941 340 1002 die?
372 957 492 998 non
521 935 757 998 solitudo
781 957 883 1016 pro
906 935 1248 1016 frequentia?
1279 958 1414 998 cau·

206 1047 361 1110 pona
380 1045 484 1106 pro
498 1021 735 1104 oppido?
762 1043 883 1084 non
906 1039 970 1084 ut
998 1023 1172 1084 redire
1185 1044 1261 1084 ex
1281 1029 1422 1085 Ma··

208 1112 443 1176 cedonia
468 1109 673 1170 nobilis
696 1110 1015 1189 imperator,
1043 1108 1131 1170 sed
1165 1126 1228 1170 ut
1255 1130 1414 1172 mor·

210 1215 343 1260 tuns
371 1197 591 1258 infamis
612 1195 802 1256 referri
824 1197 1126 1258 videretur?
1143 1203 1414 1263 ,Romam

210 1306 351 1346 vero
362 1281 533 1365 ipsam
546 1281 791 1344 foedavit
804 1282 1074 1346 adventus
1089 1299 1237 1344 tuus.
1351 1293 1408 1344 Ο
1433 1275 1460 1310 ²
1471 1275 1500 1319 ³

210 1369 447 1432 familiae
461 1390 581 1432 non
594 1368 780 1430 dicam
798 1370 1128 1451 Calpurniae
1137 1415 1155 1445 ‚
1169 1367 1258 1430 sed
1273 1371 1411 1431 Cal-

212 1459 467 1530 ventiae3
490 1475 671 1535 neque
683 1458 849 1535 hujus
872 1458 1046 1534 urbis,
1069 1455 1160 1518 sed
1188 1456 1422 1518 Placen-

216 1545 325 1604 tini
352 1544 679 1622 municipii;
720 1563 902 1622 neque
931 1545 1148 1623 paterni
1169 1546 1423 1622 generis,

214 1629 307 1691 sed
316 1633 595 1690 braccatae
603 1631 956 1706 cognationis
965 1628 1421 1712 dedecuelquem-

216 1716 515 1796 admodum
538 1713 761 1776 ven-isti?
788 1717 915 1795 quis
946 1717 1066 1790 tibi,
1090 1737 1209 1778 non
1234 1716 1424 1778 dicam

216 1807 440 1875 horum,
468 1815 563 1860 aut
577 1803 1156 1880 civiumcaeterorum,
1181 1801 1270 1862 sed
1287 1818 1422 1865 tuo-

216 1910 339 1950 rum
356 1889 661 1966 legatorum
684 1891 908 1949 obviam
923 1890 1106 1950 venit?
1129 1910 1344 1950 mecum
1357 1910 1422 1951 e-

219 1977 336 2036 nirn
360 1982 429 2034 L.
447 1974 694 2049 Flaccus»,
717 1977 807 2036 vir
830 1991 924 2035 tua
953 1975 1227 2054 legatione
1240 1971 1426 2055 indig-

222 2060 487 2136 nissimus,
516 2077 681 2140 atque
716 2062 786 2120 iis-
801 2061 1064 2137 confiliis,
1085 2064 1285 2144 qui-bus
1301 2083 1421 2122 me-

221 2169 348 2210 cum
363 2150 420 2210 in
439 2145 721 2208 consulatu
740 2167 865 2207 meo
887 2151 1214 2227 conjunctus
1231 2148 1337 2209 fuit
1349 2147 1428 2210 ad

222 2233 649 2295 conservandam
658 2235 1428 2313 rempublicam,dignior‚me·

223 2341 349 2382 cum
361 2319 468 2380 fuit
486 2337 621 2391 tum,
652 2342 776 2380 cum
801 2335 855 2379 te
879 2320 1100 2400 quidam
1117 2341 1236 2380 non
1251 2320 1426 2399 longe

223 2425 257 2464 a
292 2419 453 2482 porta
476 2427 599 2467 cum
630 2409 908 2468 lictoribus
937 2423 1211 2466 errantem
1243 2404 1426 2468 visum

220 2489 325 2552 effe
337 2494 613 2554 narrabat.
658 2491 771 2556 scio
793 2494 924 2556 item
945 2494 1127 2557 virum
1142 2493 1344 2562 fortem
1359 2495 1428 2558 in
