1717 3092
369 205 606 262 REGE
657 204 1175 277 DEJOTARO.
1270 205 1378 280 389

168 307 550 392 progreditur?
578 308 677 382 ait,
700 309 803 368 hac
824 305 1031 366 laetitia
1048 297 1376 385 Dejotarum

170 394 398 470 elatum,
412 397 551 456 vino
567 392 620 453 se
635 392 890 469 obmiffi,
909 395 967 452 in
991 396 1374 472 convivioque

171 483 385 543 nudum
405 480 685 542 saltaviHE.
734 503 873 560 quae
887 502 1034 540 crux
1051 483 1176 539 huic
1191 480 1379 558 fugiti-

172 590 253 630 vo
271 567 445 649 potest
474 567 597 627 satis
623 567 868 648 supplicii
889 566 1109 627 afferre?
1145 569 1393 645 Dej‘ota-,

176 678 299 718 rum
315 655 599 714 saltantem
624 655 932 734 quisquam,
956 670 1051 713 aut
1064 657 1275 714 ebrium
1294 654 1379 712 vi·
1442 689 1450 694 -

176 744 262 804 dit
294 744 565 823 unquam?
609 764 804 802 omnes
844 741 971 801 sunt
1002 744 1060 801 in
1078 741 1175 800 illo
1200 741 1384 819 regia‘e

174 833 444 892 virtutes:
477 830 625 908 quod
645 847 722 902 te,
748 829 964 903 Caesar,
990 832 1245 904 ignorare
1260 849 1383 891 non

178 919 448 978 arbitror:
476 914 561 974 sed
580 918 864 996 praecipue
882 915 1189 992 singularis,
1215 932 1276 974 et
1288 915 1385 974 ad·-

178 1004 433 1064 miranda
458 1002 776 1080 frugalitas3
818 1001 912 1061 etfi
944 1007 1050 1060 hoc
1083 1004 1254 1061 verbo
1273 1001 1386 1061 scio

178 1090 383 1154 laudari
402 1111 555 1168 reges
574 1112 689 1148 non
710 1088 900 1149 solere.
947 1089 1090 1165 frugi
1105 1090 1387 1146 hominem

166 1176 288 1236 'dici
314 1199 433 1236 non
474 1176 707 1235 multum
731 1179 894 1234 habet
914 1175 1090 1234 laudis
1124 1179 1181 1234 in
1219 1194 1345 1251 rege
1365 1195 1386 1236 ε

180 1263 405 1338 fortem,
424 1261 652 1340 justum,
678 1258 944 1336 severum,
969 1283 1212 1338 gravem,
1237 1276 1388 1340 mag'«

182 1353 494 1422 nanimum,
531 1349 775 1426 largum,
812 1347 1149 1422 beneficum,
1192 1349 1389 1408 libera'-

181 1436 315 1510 lem,
344 1441 444 1494 hae
462 1434 585 1494 sunt
611 1439 789 1513 regiae
804 1436 1024 1493 laudes:
1059 1436 1150 1492 illa
1175 1434 1392 1513 privata

182 1521 278 1582 est.
306 1537 367 1580 ut
382 1521 535 1581 volet
550 1520 780 1601 quisque
797 1522 1027 1600 accipiat
1046 1542 1061 1579 ε
1081 1541 1183 1598 ego
1207 1536 1390 1580 tamen

184 1607 579 1688 frugalitatem,
612 1606 669 1666 id
704 1607 799 1682 est,
825 1607 1140 1666 modestiam
1173 1621 1229 1665 et
1244 1623 1392 1666 tem-

182 1697 511 1777 perantiam,
535 1697 798 1754 virtutem
816 1693 918 1752 effe
933 1696 1222 1753 maximam
1235 1693 1390 1771 judi·

184 1803 276 1843 co·
302 1785 433 1842 haec
451 1783 510 1840 in
533 1780 631 1839 illo
648 1781 719 1840 est
742 1784 809 1840 ab
832 1782 1058 1839 ineunte
1073 1796 1391 1856 aetate,tum

187 1889 219 1928 a
235 1873 431 1929 cuneta
454 1866 574 1926 Afia
599 1883 716 1928 tum
740 1889 771 1926 a
792 1867 1214 1946 magistratibus„
1243 1869 1391 1944 lega-

186 1954 361 2035 tisque
387 1955 612 2030 nostriS,
639 1971 753 2014 tum
780 1957 849 2014 ab
881 1955 1157 2032 equitibus
1185 1959 1392 2012 Roma·

187 2042 300 2116 nis,
326 2044 423 2124 qui
440 2044 498 2101 in
547 2041 671 2100 Afia
690 2043 957 2118 negotiati
975 2038 1121 2111 sunt,
1147 2038 1393 2120 perspec-

188 2142 269 2204 ta,
297 2145 353 2187 et
368 2131 614 2204 cognita.
660 2127 847 2187 multis
865 2127 956 2185 ille
979 2125 1195 2204 quidem
1213 2127 1396 2203 gradiss·

189 2218 292 2274 bus
331 2213 641 2274 officiorum
671 2235 800 2291 erga
832 2212 1222 2293 rempublicam
1264 2205 1416 2271 nos?

106 2345 115 2352 .
191 2317 334 2359 tram
364 2300 432 2359 ad
469 2304 577 2359 hoc
616 2303 823 2378 regium
856 2320 1065 2358 nomen
1104 2296 1344 2358 ascendit
1377 2321 1394 2368 ς

192 2385 285 2448 sed
316 2401 499 2447 tamen
525 2386 791 2466 quidquid
822 2408 851 2444 a
886 2385 1042 2446 bellis
1067 2385 1254 2466 populi
1281 2391 1394 2444 Ro-

193 2475 346 2536 mani
381 2475 635 2547 vacabat,
676 2493 801 2532 cum
837 2473 1155 2533 hominibus
1195 2469 1396 2530 nostris

192 2559 647 2640 eonsuetudines,
676 2561 971 2638 amicitias,
999 2580 1108 2638 res,
1132 2554 1398 2618 rationes·

670 2651 867 2736 ,ΚΞ
