1717 3092
372 151 485 228 284
704 151 1258 210 ORATIO

369 275 467 317 um
481 251 1282 332 conservatoremjudicabant,
1301 249 1597 318 servorum

372 345 542 402 armis
558 342 950 402 exterminavit
969 363 985 400 ε
1014 361 1160 416 eum,
1193 344 1292 422 qui
1309 361 1488 420 regna
1503 344 1602 405 de·

372 429 481 504 dit,
497 429 726 502 adernit3
752 429 948 489 orbem
965 429 1596 508 terrarum,quibuscum

370 514 574 591 voluit,
596 517 830 596 partitus
854 513 962 574 est:
986 535 1134 590 eum,
1179 517 1302 596 qui,
1327 515 1596 595 plurimis

370 601 630 662 caedibus
652 603 712 662 in
740 601 870 662 foro
885 600 1066 677 factis,
1091 601 1354 680 singulari
1375 605 1595 664 virtute

370 703 430 748 ct
443 687 619 767 gloria
631 691 807 749 civem
823 687 1051 748 domum
1066 691 1124 748 vi
1139 703 1196 748 et
1222 690 1398 748 armis
1413 711 1594 752 'com-

374 775 547 854 pulit:
574 795 721 850 eum,
744 775 833 836 cui
851 774 994 835 nihil
1023 793 1269 854 unquam
1303 775 1469 836 nefas
1487 776 1595 837 fuit

372 881 477 924 nec
494 862 553 921 in
568 861 843 936 facinore,
858 881 963 922 nec
977 861 1038 920 in
1055 861 1284 920 libidine
1303 883 1320 922 ε
1339 863 1594 944 eum‚qui

372 945 561 1009 aedem
577 950 960 1030 Nympharum
983 947 1256 1024 incendit,
1286 964 1354 1008 ut
1373 969 1593 1026 memo-

374 1033 516 1096 riam
548 1036 823 1115 publicam
846 1033 1204 1110 recensionis,
1225 1035 1438 1096 tabulis
1455 1039 1590 1118 pub-

374 1121 495 1182 licis
512 1120 837 1203 impress‘am,
862 1124 1244 1198 extingueret:
1269 1142 1406 1183 eum
1431 1123 1589 1184 deni·

374 1227 509 1288 que,
532 1210 621 1268 cui
636 1209 754 1286 jam
770 1207 924 1268 nulla
939 1207 1030 1268 lex
1052 1222 1191 1283 erat,
1209 1208 1438 1269 nullum
1453 1212 1588 1272 civi·

373 1292 427 1352 le
452 1296 572 1372 jus,
602 1294 743 1356 nulli
779 1293 1160 1376 poffessionum
1182 1297 1445 1356 termini:
1495 1297 1586 1375 qui

372 1401 496 1441 non
511 1381 789 1442 calumnia
802 1381 1006 1460 litium,
1029 1401 1152 1441 non
1166 1381 1386 1453 injustis
1402 1382 1590 1444 vindi·

376 1468 477 1528 ciis
514 1487 578 1530 ac
606 1466 958 1530 sacramentis
991 1467 1200 1528 alienos
1224 1467 1464 1546 fundos,
1504 1467 1590 1530 sed
1698 1521 1699 1529 ,

372 1553 585 1632 castris,
607 1557 878 1629 exercitu,
905 1553 1071 1634 {ignis
1100 1553 1410 1616 inferendis
1443 1572 1588 1634 pete·

368 1641 505 1703 hat:
532 1643 629 1724 qui
646 1663 765 1702 non
780 1641 956 1703 solum
973 1640 1260 1717 Etruscos,
1290 1639 1422 1714 (eos
1435 1645 1588 1720 =enim

376 1731 600 1810 penitus
618 1727 1052 1808 contempserat)
1081 1726 1172 1788 sed
1189 1731 1342 1788 hunc
1371 1737 1449 1806 Q.
1475 1735 1589 1789 Va·

378 1815 547 1889 rium,
571 1817 752 1875 virum
768 1815 1118 1876 fortissimum
1132 1829 1296 1894 atque
1316 1819 1588 1896 optimum

378 1902 576 1975 civem,
593 1902 835 1980 judicem
867 1900 1136 1977 nostrum,
1167 1899 1369 1983 pellere
1388 1900 1588 1982 postes·
1691 1903 1693 1908 ’

378 1984 646 2063 fionibus,
686 1991 853 2048 armis
885 1986 1175 2068 castrisque
1204 2004 1446 2049 conatus
1480 1987 1586 2052 ests

382 2077 481 2156 qui
505 2095 631 2135 cum
646 2076 955 2136 architectis
971 2089 1026 2134 et
1046 2073 1394 2154 decempedis
1425 2075 1587 2137 villas
1687 2109 1689 2134 !

380 2161 709 2236 multorum,
748 2161 1050 2242 hortosque
1073 2163 1439 2241 peragrabat:
1492 2163 1587 2243 qui

382 2249 638 2325 Janiculo
671 2264 731 2307 et
764 2247 996 2329 Alpibus
1021 2245 1167 2328 spem
1207 2243 1586 2328 poffcffionum

380 2337 712 2394 terminabat
733 2333 986 2394 suarumt
1013 2337 1134 2414 qui,
1157 2353 1286 2393 cum
1317 2335 1388 2394 ab
1405 2338 1585 2416 equite

378 2425 640 2484 ,Romano
671 2420 1089 2500 splendidissimo
1109 2436 1165 2480 et
1180 2418 1314 2479 forti
1331 2422 1481 2498 viro,
1503 2427 1580 2482 T.
1684 2489 1685 2499 χ

380 2505 645 2581 Pacuvio,
676 2525 800 2570 non
815 2504 1177 2594 impetraffet2
1195 2519 1260 2568 ut
1273 2505 1512 2574 insulam
1525 2509 1582 2572 in
