1717 3092
382 197 497 260 292
710 179 1260 238 ORATIO

385 289 588 360 cimus,
614 281 828 358 videre,
858 295 958 341 aut
968 279 1160 361 plane,
1187 279 1397 360 qualis,
1423 296 1526 343 aut
1541 295 1607 342 u·

386 375 445 434 bi
460 369 547 448 fit,
570 369 769 430 sentire
790 367 1073 449 poffimus.
1101 387 1167 426 ea
1181 369 1295 444 vis,
1314 389 1381 427 ea
1403 367 1488 428 est
1502 371 1608 448 igi-

388 476 505 534 tur,
527 477 666 538 quae
678 453 833 536 saepe
853 453 1206 514 incredibiles
1223 456 1353 514 huic
1375 457 1508 516 urbi
1525 455 1606 514 fi:-

386 547 629 608 licitstes
658 555 830 621 atque
858 561 996 620 opes
1020 541 1244 613 attulit;
1276 561 1428 620 quae
1452 541 1605 602 illam

390 631 691 714 perniciem
714 629 982 702 extinxit,
1009 647 1074 686 ac
1103 625 1340 688 sustulit=
1369 630 1466 688 cui
1488 632 1606 708 pri·

392 719 545 780 mum
560 729 801 776 mentem
816 714 1036 790 injecit,
1061 722 1124 772 ut
1142 714 1200 774 vi
1221 714 1472 790 irritare,
1501 715 1605 775 fer·

393 823 571 884 toque
588 799 836 862 lacessere
846 799 1190 860 fortissimum
1215 804 1403 862 virum
1437 801 1603 861 aude·

390 893 926 968 ret,vincereturque
941 888 1009 946 ab
1023 907 1113 964 eo,
1125 907 1289 967 quem
1305 886 1345 946 fi
1367 886 1601 961 viciffet,

391 980 677 1038 habiturus
693 972 819 1034 effet
834 975 988 1055 impu
995 977 1226 1034 nitatem
1240 989 1298 1033 et
1313 973 1599 1035 licentiam

393 1064 798 1144 sempiternam.
845 1081 968 1120 non
983 1058 1060 1119 est
1081 1063 1328 1120 humano
1345 1059 1600 1135 confilio,

394 1173 469 1213 ne
496 1149 765 1212 mediocri
799 1146 1047 1226 quidem,
1091 1147 1342 1224 Judices,
1369 1149 1600 1208 deorum

394 1235 791 1299 immortalium
805 1235 963 1307 curii,
989 1254 1076 1294 res
1092 1233 1185 1294 illa
1208 1233 1475 1314 perfecta.
1519 1255 1600 1293 re·

393 1326 635 1402 ligiones
652 1321 958 1381 mehercule
973 1319 1138 1401 ipsae,
1164 1339 1306 1400 quae
1321 1321 1476 1382 illam
1493 1321 1602 1380 bel-

394 1410 543 1470 luam
564 1407 759 1468 cadere
780 1407 1064 1480 viderunt,
1085 1405 1388 1468 commosse
1431 1405 1485 1466 se
1521 1409 1603 1468 vi·

396 1495 787 1572 dentur,etjus
804 1495 864 1552 in
883 1492 984 1553 illo
1001 1491 1156 1553 suum
1171 1493 1478 1555 retinuiffe.
1499 1513 1602 1553 vos

398 1585 549 1644 enim
568 1580 920 1661 jam‚Albani
939 1581 1136 1640 tumuli
1161 1595 1326 1659 atque
1342 1581 1606 1656 luci,vos‚

397 1673 652 1749 inquam,
695 1666 938 1748 imploro
975 1681 1142 1746 atque
1177 1666 1368 1743 testor,
1401 1667 1608 1748 vosque

398 1757 748 1818 Albanorum
771 1755 1000 1814 obrutae
1023 1773 1170 1827 arae,
1191 1751 1476 1814 sacrorum
1507 1775 1605 1834 po-

400 1842 517 1924 puli
536 1842 777 1902 Romani
800 1838 978 1900 sociae
991 1855 1046 1900 et
1064 1839 1338 1919 aequales,
1363 1861 1506 1920 quas
1524 1841 1612 1900 ille

401 1947 660 2010 praeceps
691 1928 956 2000 amentia,
998 1925 1180 2000 caefis,
1220 1926 1614 2008 prostratisque

404 2015 739 2078 sanfflssimis
756 2011 1374 2087 lucis,substru&ionum
1401 2013 1613 2074 insanis

404 2103 647 2165 molibus
678 2097 1046 2181 oppresserat:
1083 2097 1288 2159 vestrae
1323 2115 1446 2159 tum
1469 2121 1613 2174 arae,

404 2188 611 2250 vestrae
621 2186 922 2264 religiones
959 2189 1276 2262 viguerunt,
1316 2186 1498 2246 vestra
1529 2189 1612 2247 vis

408 2275 606 2346 valuit,
631 2291 798 2351 quam
822 2272 916 2331 ille
931 2275 1087 2331 omni
1105 2269 1300 2332 scelere
1315 2273 1613 2351 polluerat:

408 2375 581 2437 tuque
593 2379 665 2416 ex
681 2373 779 2418 tuo
794 2358 946 2418 edito
961 2373 1178 2432 monte,
1209 2360 1451 2420 Latiaris
1467 2358 1614 2419 sanc·

409 2457 464 2500 te
488 2445 730 2522 Jupiter,
752 2445 915 2521 cujus
940 2443 1033 2502 ille
1055 2445 1233 2519 lacus,
1257 2465 1517 2519 nemora,
1555 2445 1616 2504 fi·

408 2525 611 2606 nesque
626 2527 781 2609 saepe
796 2532 958 2592 omni
973 2530 1188 2594 nefario
1219 2530 1410 2614 stupro
1435 2545 1493 2594 et
1507 2529 1614 2593 sce·
1699 2523 1701 2534 ²
