1717 3092
281 137 363 188 '12
613 133 1173 192 ORATIO

292 225 395 306 set,
419 248 474 292 et
489 235 750 294 maximis
767 236 952 308 rebus,
976 254 1115 314 quas
1135 231 1317 313 postea
1330 233 1514 311 geffit,

295 316 734 379 obliterandumz
755 319 810 380 id
827 336 887 381 tu
912 319 1283 395 tibi‚furcifer,
1304 319 1513 396 sumes,

299 419 361 466 et
378 406 594 464 Vatinii
611 407 846 466 latronis
864 428 929 466 ac
944 404 1187 484 sacrilegi
1204 425 1325 466 vox
1354 405 1515 465 audi·

302 504 454 564 etur,
477 495 582 552 hoc
613 491 963 571 postulantis,
986 507 1050 550 ut
1072 492 1215 554 idem
1246 491 1343 550 fibi
1368 511 1517 550 conv

307 575 555 648 cedatur,
580 577 734 656 quod
751 576 994 638 Caesari?
1096 580 1183 636 Sic
1200 579 1349 636 enim
1370 595 1445 635 ex
1460 591 1521 636 te
1543 591 1571 635 7

306 679 539 741 quaero.
587 665 844 723 tribunus
878 665 1052 744 plebis
1082 655 1267 722 fuisti·
1294 661 1525 740 sejunge

311 759 372 806 tc
387 769 420 808 a
440 747 682 808 consule.
729 749 967 828 collegas
983 749 1209 810 habuisti
1230 750 1386 809 viros
1402 747 1525 808 for-

313 845 402 892 tes
423 855 648 894 novem.
697 855 767 894 ex
796 837 883 894 his
915 851 1025 894 tres
1062 849 1244 908 erant,
1282 853 1429 914 quos
1460 848 1527 894 tu

313 919 566 996 quotidie
580 919 783 980 sciebas
798 918 1011 982 servare
1025 921 1093 980 de
1104 919 1466 998 coelo,quo⁸
1452 939 1531 978 tr-

248 1041 252 1045 -
314 1004 561 1080 ridebas,
587 1025 728 1086 quos
753 1007 1004 1086 privatos
1028 1003 1131 1064 effe
1159 1005 1408 1065 dicebas:
1458 1004 1532 1066 de

317 1092 522 1168 quibus
539 1091 1069 1172 duos-praetextatos
1084 1088 1333 1152 sedentes
1346 1091 1533 1167 vides,-

319 1189 380 1235 te
415 1175 712 1236 aedilitiam
745 1193 1079 1257 praetextam
1108 1193 1325 1254 togam,-
1360 1197 1530 1257 quam

319 1259 520 1322 frustra
553 1263 892 1338 confeceras»,
936 1261 1232 1324 vendidisse
1248 1285 1269 1324 ε
1302 1265 1535 1324 tertium

324 1349 428 1410 scis
445 1369 516 1406 ex
538 1349 634 1408 illo
649 1347 854 1409 obsesso
873 1364 1039 1428 atquc
1062 1347 1257 1408 afflicto
1274 1350 1535 1408 tribuna-

325 1451 412 1506 tu,
457 1433 796 1495 consularem
831 1435 1211 1496 auctoritatem
1244 1436 1537 1496 hominem

325 1517 432 1584 effe
451 1519 851 1582 adolescentem
890 1519 1286 1582 consecutum:
1330 1519 1538 1598 reliqui

325 1603 426 1668 sex
439 1605 660 1666 fuerunt
683 1629 700 1666 e
722 1627 794 1666 cx
817 1609 1017 1686 quibus
1046 1608 1245 1684 partim
1270 1606 1433 1684 plane
1448 1609 1536 1664 te'-

327 1711 456 1754 cum
489 1691 814 1768 sentiebant,
853 1693 1053 1772 partim
1083 1691 1320 1750 medium
1354 1711 1539 1770 quen-

327 1776 458 1840 dam
473 1777 682 1838 cursum
701 1779 979 1838 tenebant.
1014 1797 1209 1841 omnes
1222 1779 1537 1838 habuerunt

328 1863 481 1942 leges
506 1864 913 1942 promulgatas:
949 1865 1011 1924 in
1032 1865 1119 1923 his
1139 1863 1345 1922 multas
1376 1871 1537 1923 meus

329 1948 676 2022 necessarius,
694 1953 867 2010 etiam
898 1949 969 2010 de
992 1970 1113 2009 mea
1142 1946 1435 2026 sententia,
1458 1956 1531 2009 C.

227 2044 237 2054 ’
331 2033 667 2110 Cosconius»,
684 2035 862 2113 judex
892 2034 1107 2096 noster:
1134 2055 1322 2114 quem,
1348 2050 1407 2093 tu
1422 2033 1532 2092 dif-

330 2125 627 2200 rumperis,
661 2141 784 2180 cum
817 2120 1120 2186 aedilitium
1150 2121 1329 2180 vides}
1393 2119 1539 2180 volo.

329 2211 416 2269 uti
440 2208 572 2266 mihi
605 2203 953 2288 respondeas,
978 2227 1111 2266 num
1145 2207 1271 2286 quis
1304 2226 1377 2264 cx
1408 2219 1543 2266 toto

228 2294 232 2298 ’
332 2293 568 2370 collegio
585 2294 758 2370 legem
783 2291 846 2351 fit
876 2289 1033 2352 ausus
1056 2291 1217 2366 ferre,
1246 2307 1459 2372 praeter
1470 2313 1535 2352 n-

333 2399 472 2442 num
503 2394 556 2438 te
579 2380 598 2436 ?
625 2375 764 2457 quae
789 2393 943 2437 tanta
966 2380 1027 2437 in
1068 2393 1123 2437 te
1156 2378 1263 2438 fuit
1292 2377 1538 2453 audacia,

337 2485 477 2548 quae
489 2481 648 2553 *tanta
662 2465 772 2544 vis,
795 2481 881 2544 ut,
903 2485 1031 2528 cum
1048 2483 1259 2528 novem
1274 2465 1357 2528 tui
1372 2461 1535 2530 eolle-
