1717 3092
395 179 472 241 68
693 223 699 230 ·
721 192 772 244 O
821 187 875 244 R
924 190 976 244 A
1027 191 1087 244 T
1138 189 1168 244 Ι
1218 191 1269 244 O

395 285 562 345 causi
578 285 833 370 relinquo
857 287 1068 350 omnin.
1108 285 1282 349 liabeo
1294 289 1469 363 enim,
1502 290 1611 367 Ju-

397 371 572 447 diceS,
596 395 760 454 quem
783 395 889 436 vos
920 374 1125 436 socium
1157 374 1363 434 vesti-ae
1380 377 1611 452 religio·

397 459 560 536 nis-ju
567 458 743 539 risque
759 462 988 540 jurandi
1003 461 1159 520 facile
1174 454 1276 520 effe
1293 463 1611 540 patiamini,

393 549 466 604 L.
485 548 799 624 Lucceium,
822 546 1197 606 sanffiffimum
1226 549 1513 607 hominem
1541 563 1606 608 et

391 630 758 707 gravissimum
799 633 1017 692 testem:
1064 632 1159 710 qui
1196 647 1415 692 tantum
1457 632 1605 692 faci-

393 735 502 773 nus
518 718 579 776 in
611 717 832 793 famam,
857 735 1023 798 atque
1042 719 1295 778 fortunas
1325 717 1474 792 suae,
1498 737 1605 780 n‘eb

391 820 504 880 que
517 823 635 862 non
651 803 877 864 audisset
890 805 1099 864 illatum
1118 807 1148 861 *a
1168 803 1385 879 Caelio,
1414 821 1609 884 neque

387 888 736 965 negiexiffiet,
754 911 935 970 neque
952 889 1169 951 tuliffet.
1216 889 1393 961 anille
1408 894 1520 967 vir,
1531 891 1607 950 ir·

390 971 448 1034 la
469 975 807 1037 humanitate
822 975 1127 1058 praeditus,
1146 977 1251 1036 iliis
1276 975 1489 1051 studiis,
1510 998 1611 1037 ar-

393 1060 565 1137 tibus,
583 1077 747 1141 atque
761 1061 1183 1137 doctrina'ifillius
1200 1061 1365 1141 ipfius
1383 1064 1609 1142 pericu-
1672 1102 1677 1111 -

393 1143 534 1221 lum,
557 1167 721 1227 quem
742 1164 969 1230 propter
992 1153 1125 1208 haec
1140 1145 1254 1226 ipsa
1278 1147 1447 1207 studia
1474 1148 1611 1208 dili-

393 1233 578 1309 gebat,
601 1235 877 1314 negligere
891 1227 1172 1316 pot‘uiffet?
1190 1249 1268 1308 et,
1292 1235 1447 1312 quod
1462 1234 1629 1296 faci-.

394 1336 502 1378 nus
524 1320 583 1378 in
599 1319 843 1381 alienum
866 1323 1151 1380 hominem
1184 1320 1397 1379 illatum
1411 1318 1609 1382 severe.

395 1404 694 1484 acciperet,
711 1407 768 1466 id
783 1405 1035 1468 omififfet
1056 1427 1247 1466 curare
1268 1405 1327 1464 in
1350 1404 1607 1486 hospite?

394 1490 550 1568 quod
580 1511 678 1572 per
699 1496 928 1572 ignotos
954 1495 1130 1552 astum
1154 1491 1280 1552 etim
1303 1494 1607 1574 comperis-

395 1575 496 1652 set,
519 1578 750 1655 doieret,
780 1579 837 1640 id
860 1583 894 1639 ὲ
924 1579 1033 1640 suis
1064 1594 1338 1638 tentatum
1354 1579 1609 1657 neglige·

301 1728 312 1735 ,
395 1664 748 1744 retiquodin»
758 1667 903 1745 agris
922 1664 1125 1726 locisve
1142 1664 1377 1746 publicis
1390 1663 1609 1727 facium

397 1751 834 1830 reprehenderet,
871 1751 929 1811 id
967 1753 1035 1810 in·
1050 1755 1183 1810 urbe
1214 1771 1277 1810 ac
1298 1749 1419 1810 suae
1442 1751 1611 1812 domi

395 1853 652 1916 coeptum
667 1837 770 1898 effe
789 1837 989 1899 leviter
1008 1835 1202 1896 ferret?
1234 1838 1388 1914 quod
1404 1839 1468 1896 in
1500 1836 1609 1897 ali·

392 1921 552 1999 cujus
569 1923 786 1998 agrestis
801 1923 1043 2003 periculo
1062 1942 1180 1982 non
1198 1923 1609 2000 praetermitte·

395 2024 500 2081 ret,
524 2008 580 2067 id
594 2012 764 2068 homo
781 2003 1058 2068 eruditus’
1124 2005 1333 2068 insidiis
1365 2007 1613 2068 doffiffia-
1676 2059 1683 2064 .

394 2097 475 2155 mi
501 2095 744 2155 hominis
768 2095 1001 2160 dissimul
1110 2113 1200 2152 um
1231 2095 1482 2173 putaret?
1511 2093 1611 2155 sed

395 2201 494 2239 cur
523 2180 728 2240 diutius
757 2201 888 2256 vos,
915 2178 1158 2257 judices,
1189 2182 1383 2239 teneo?
1430 2178 1613 2260 ipsiu-s

385 2266 560 2343 jurati
588 2267 934 2344 religionem,
964 2267 1461 2344 auftoritatemque
1477 2285 1611 2344 per-

391 2351 579 2426 cipite,
603 2365 768 2428 atque
782 2353 974 2410 omnia
994 2349 1285 2428 diligenter
1302 2351 1613 2414 testimonii

391 2433 558 2490 verba
599 2433 941 2512 cognoscite.
1004 2438 1175 2495 recita
1226 2435 1615 2498 testimonium

397 2518 644 2578 Lucceii.
720 2531 1075 2583 ‘rasi—Tmou
1090 2541 1109 2582 1
1125 2541 1225 2582 um.
1270 2527 1510 2584 ancss
1524 2543 1547 2584 1
1564 2543 1621 2586 ι.
