1717 3092
355 142 524 198 pao
557 141 644 196 M.
679 139 1045 197 camno.
1240 153 1313 216 ⁷³

97 261 270 322 quam
305 261 508 302 vooem
529 240 736 301 eliciat?
769 261 887 300 nou
916 241 1149 321 parietes
1174 259 1317 300 eou-

99 327 402 402 scios‚uou
419 331 638 386 noctem
655 327 808 388 illam
829 325 1097 386 funestam
1122 345 1185 385 ac
1198 323 1317 388 luc·

99 413 320 474 tuosam
337 411 734 493 perhorrescet?
761 411 848 471 sed
868 426 1111 472 revertar
1124 410 1195 470 ad
1208 413 1319 470 cri-

97 521 256 560 men.
279 500 488 558 etenim
502 501 635 558 haec
653 497 792 556 fa&
805 498 955 556 iuius
970 496 1237 558 clariffimi
1252 517 1321 560 ιο

97 584 378 645 sortiffimi
407 585 516 642 viri
543 585 780 658 mentio,
813 599 875 644 et
904 603 1099 644 vocem
1136 603 1319 644 meam

100 673 240 731 fletu
253 667 584 742 debilitavit,
601 684 660 727 et
675 683 915 728 mentem
928 667 1127 730 dolore
1142 670 1321 750 impe-

62 766 84 808 5
105 757 272 816 divit.
409 754 512 813 Sed
526 769 724 814 tamen.
733 773 1015 815 venenum
1036 751 1183 813 unde
1194 753 1319 814 fue·

104 845 202 916 rit,
233 839 700 920 quemadmodum
714 855 965 920 paratum
978 838 1067 916 fit,
1094 859 1213 900 non
1229 839 1321 900 di·

105 930 276 988 citur.
323 925 516 984 datum
537 923 642 984 effe
669 930 778 986 hoc
797 928 959 985 aiunt
982 934 1043 985 P.
1068 927 1321 1000 Licinio,

105 1012 342 1094 pudenti
357 1008 690 1070 adolesoenti
705 1027 762 1071 et
772 1014 953 1086 bono,
968 1010 1143 1070 Caelii
1156 1009 1321 1070 fami·

107 1099 268 1158 liariz
307 1095 668 1157 coustitutum
693 1095 900 1156 factum
926 1093 1032 1154 effe
1050 1115 1178 1156 cum
1205 1094 1319 1156 ser-

105 1187 223 1259 vis,
247 1199 314 1242 ut
327 1184 588 1242 venirent
608 1183 676 1242 ab
696 1182 921 1241 balneas
950 1182 1187 1240 Xenias.
1216 1183 1321 1243 eo·

108 1270 238 1331 dem
269 1269 548 1329 Licinium
575 1266 688 1327 effe
717 1283 1037 1342 venturum,
1058 1283 1225 1346 atque
1248 1269 1323 1328 iis

107 1355 318 1416 veneni
333 1353 592 1433 pyxidem
606 1353 955 1413 traditurum.
970 1355 1063 1412 hic
1076 1355 1321 1432 primum

107 1441 254 1501 illud
270 1441 494 1518 requiro
513 1461 532 1498 ε
563 1440 698 1520 quid
713 1441 1003 1500 attinuerit
1018 1438 1155 1498 illud
1184 1439 1323 1498 ferri

111 1530 174 1587 in
193 1545 322 1586 eum
341 1525 524 1586 locum
545 1524 903 1585 constitutum
922 1549 936 1585 ε
964 1545 1063 1584 cur
1082 1523 1163 1582 illi
1178 1522 1323 1584 servi

110 1633 236 1673 nou
251 1610 324 1670 ad
341 1611 584 1671 Caelium
601 1611 829 1671 domum
847 1612 1127 1672 venerint.
1148 1607 1187 1668 fi
1204 1631 1321 1669 ma-

109 1702 284 1760 nebat
319 1712 480 1755 tanta
503 1695 600 1755 illa
617 1696 960 1757 consuetudo
992 1697 1165 1755 Caelii
1193 1715 1325 1756 cum

112 1784 341 1856 Clodia,
365 1796 630 1861 tantaque
658 1782 993 1842 familiaritas
1012 1805 1029 1840 ε
1056 1781 1187 1860 quid
1210 1779 1324 1840 sus-

111 1871 358 1951 picionis
381 1867 528 1940 esset,
569 1867 608 1926 fi
635 1869 780 1946 apud
811 1869 1055 1928 Caelium
1078 1868 1323 1928 mulieris

112 1954 306 2017 servus
322 1951 468 2014 visus
486 1952 640 2013 effet?
665 1953 744 2012 fin
769 1970 947 2014 autem
974 1955 1093 2032 jam
1108 1951 1325 2014 suberat

115 2039 362 2100 simultas
367 2081 388 2112 ,
407 2042 648 2098 extinsta
661 2057 778 2098 erat
792 2039 1155 2113 consuetude,
1164 2037 1325 2098 disci·

109 2127 270 2188 dium
301 2126 594 2184 extiterat:
619 2128 752 2186 hinc
779 2125 907 2184 illae
938 2124 1211 2204 lacrymae
1231 2125 1325 2183 ni·-

105 2215 338 2285 mirum,
363 2228 420 2270 et
433 2214 566 2270 haec
579 2209 732 2272 causa
753 2210 826 2270 est
855 2214 1057 2270 horum
1072 2212 1325 2270 omnium

109 2297 406 2372 scelerum,
435 2295 610 2375 ⁸atque
639 2300 953 2356 criminum.
998 2298 1197 2371 immo,
1232 2297 1325 2354 in·

107 2387 262 2464 quit,
285 2404 414 2443 cum
431 2380 568 2441 {ervi
583 2383 652 2441 ad
669 2383 953 2441 dominam
968 2402 1083 2442 rem
1098 2380 1246 2440 istam
1264 2395 1325 2440 et

107 2469 444 2534 maleficium
467 2468 640 2528 Caelii
660 2467 993 2549 demliffent,
1012 2467 1205 2529 mulier
1234 2467 1329 2543 inq
