1717 3092
452 176 553 235 IN
584 177 655 234 L.
690 173 1108 234 PISONEM.
1297 189 1412 251 205

198 277 415 360 primis,
437 273 567 338 belli
581 299 645 339 ac
660 280 737 339 rei
752 275 1006 339 militaris
1031 276 1292 359 peritum,
1321 277 1410 338 fau·

198 365 468 428 miliarem
496 385 701 440 meum,
740 373 817 442 Q.
846 367 1143 440 Marcium,
1169 381 1430 445 quorum*

200 467 267 512 tu
280 451 586 538 legatorum
616 451 862 532 praelio
844 466 1149 531 lmperator
1170 450 1412 531 appella·

204 553 300 598 tus
314 558 459 615 eras,
472 551 598 598 cum
614 558 733 600 non
748 537 916 614 longe
932 535 1418 611 abfixilsts,adven·
1429 551 1438 558 ·

203 617 269 685 ni
282 623 385 685 isto
407 638 509 684 tuo
528 624 679 685 domi
693 622 847 684 fuisse
870 622 1134 685 otiosum.
1168 621 1258 683 sed
1277 621 1418 704 quid

204 729 315 789 ego
325 729 616 787 enumem,
637 712 735 790 qui
754 711 851 770 tibi
865 712 1090 771 obviam
1107 731 1228 771 non
1245 729 1420 772 vene·

208 797 357 856 rint?
389 799 485 875 qui
501 795 629 858 dico
645 795 852 857 venisse
864 801 1012 877 pen&
1023 798 1326 873 neminem,
1345 813 1431 858 ne

210 881 667 944 deofficiofinima
676 881 897 962 quidem
915 885 1144 944 natione
1159 881 1429 944 candidu·

212 984 425 1045 torum,
446 989 571 1031 cum
594 969 765 1048 vulgo
780 967 951 1030 elsent
979 985 1036 1028 et
1067 968 1165 1028 illo
1188 967 1331 1050 ipso,
1359 983 1432 1030 et

210 1055 405 1117 multis
434 1071 563 1116 ante
584 1055 775 1116 diebus
808 1054 1101 1131 admoniti,
1124 1067 1182 1114 et
1214 1057 1420 1134 rogati.

213 1141 439 1221 togulae
450 1141 730 1202 Iistoribus
746 1141 815 1202 ad
830 1157 1047 1222 portam
1067 1138 1276 1222 praesto
1300 1140 1422 1202 fue·

217 1243 387 1290 runtz
410 1228 706 1308 quibusilli
726 1230 988 1308 accepti8‚
1014 1224 1192 1304 sagula
1215 1229 1420 1307 rejece-

221 1328 377 1388 runt,
398 1329 456 1374 et
470 1329 741 1375 catervam
758 1316 1074 1395 imperatori
1089 1311 1187 1373 suo
1213 1335 1434 1376 novam

222 1403 611 1482 praebuerunt.
634 1400 707 1462 fic
722 1399 836 1475 iste,
851 1415 1014 1462 tanto
1027 1403 1270 1461 exercitu
1275 1415 1426 1478 ,tan-

226 1503 284 1548 ta
308 1488 616 1567 provincia,
634 1490 883 1548 triennio
894 1486 1016 1568 post
1034 1488 1435 1549 Macedonicus

224 1575 550 1652 imperator,
564 1576 624 1633 in
639 1575 828 1634 urbem
844 1571 901 1632 se
910 1572 1122 1647 intulit,
1142 1589 1204 1631 ut
1223 1573 1432 1633 nullius

226 1661 594 1737 negotiatoris
606 1657 954 1720 obscuriffimi
965 1657 1171 1718 reditus
1183 1679 1431 1739 unquam

112 1792 116 1796 -
226 1745 393 1807 fiaerit
428 1743 711 1806 desertior.
760 1747 820 1804 in
845 1765 962 1824 quo
992 1765 1079 1805 me
1101 1759 1308 1824 tamen,
1333 1747 1439 1827 qui

230 1830 361 1892 effet
392 1847 615 1914 paratus
642 1831 711 1892 ad
728 1828 783 1892 fe
794 1831 1216 1908 defendendum,
1245 1853 1436 1914 repre·

232 1920 448 1980 hendit.
475 1940 596 1979 cum
612 1917 720 1998 ego
735 1920 1156 1991 Caelimontana
1168 1932 1331 2000 porta
1343 1921 1436 1978 in-

232 2004 419 2066 troiffe
432 2005 715 2081 dixiffem‚·
728 2003 1020 2086 sponfione
1033 2023 1142 2079 me,
1159 2008 1218 2064 ni
1237 2001 1435 2085 Esqhi-

230 2091 349 2152 lina
374 2091 666 2167 introisset,
703 2095 874 2151 homo
898 2090 1320 2170 promptiffimus
1351 2090 1435 2149 la-

234 2177 460 2239 ceffivit=
476 2177 623 2257 quafi
638 2198 773 2238 vero
788 2177 845 2236 id
860 2191 953 2236 aut
967 2197 1072 2252 ego
1086 2174 1220 2235 scire
1235 2174 1438 2235 debue-

236 2265 365 2337 rim,
388 2279 483 2322 aut
504 2263 739 2324 vestrfim
756 2262 1022 2344 quispiam
1041 2260 1304 2334 audierit,
1285 2283 1302 2298 ·
1337 2276 1436 2321 aut

240 2349 311 2409 ad
340 2369 451 2409 rem
482 2353 773 2429 pertineat,
797 2369 910 2429 qua
928 2364 986 2407 tu
1011 2361 1173 2428 porta
1201 2348 1440 2408 introie

240 2435 513 2512 ris,modo
528 2457 599 2496 ne
614 2435 961 2516 triumphali:
981 2453 1120 2514 quae
1131 2449 1294 2514 porta
1311 2440 1440 2494 Ma-

238 2522 523 2588 oedonicis
544 2519 749 2606 semper
777 2518 1196 2606 proconsulibus
1229 2534 1358 2582 ante
1379 2533 1438 2580 te
