1717 3092
348 142 459 202 272
658 127 711 182 Ο
763 126 813 181 R
865 124 916 178 A
967 125 1030 182 T
1077 127 1108 181 1
1155 126 1210 182 Ο

340 229 399 290 h
410 225 681 302 irretitus,
697 223 865 286 rheda
882 221 1202 308 impeditus,
1219 245 1412 288 uxore
1427 247 1570 309 pene

344 313 670 378 constriEtus
684 311 839 372 esset?
867 313 1052 376 videte
1066 335 1218 374 nune
1235 313 1428 390 illum,
1451 319 1568 396 pri-

342 423 499 466 mum
530 400 897 480 egredientem
918 421 950 458 e
971 400 1128 476 villa,
1147 398 1334 462 subito
1351 423 1374 473 3
1419 403 1562 462 cur?

343 488 553 571 vesperi
562 511 581 560 3
598 485 733 566 quid
748 485 955 548 necess'e
969 485 1071 548 est?
1091 486 1278 559 tarde3
1299 491 1412 565 qui
1425 509 1568 548 cou-

341 578 523 648 venit,
546 570 605 631 id
626 570 940 654 praesertim
978 574 1278 653 temporis?
1317 573 1568 634 devertit

342 665 405 723 in
419 661 607 722 villam
619 659 1216 740 Pompeii.Pompeium
1232 675 1297 718 ut
1313 659 1564 720 videret?

340 745 543 808 sciebat
560 747 623 804 in
646 743 872 806 Alfienfi
885 744 1009 806 effe.
1057 743 1248 805 villam
1263 761 1328 804 ut
1341 745 1562 826 perspi·

338 835 517 896 eetet?
545 831 743 894 millies
757 833 819 892 in
832 831 1111 892 eafuerat.
1157 832 1299 910 quid
1313 851 1460 908 ergo
1489 853 1556 892 e·

340 937 429 982 rat
458 939 668 993 morae,
684 933 743 979 et
766 916 1270 995 tergiversationis?
1302 917 1444 980 dum
1465 921 1563 982 hie

341 1008 582 1080 veniret,
600 1004 789 1068 locum
804 1004 1114 1084 relinquere
1129 1004 1336 1064 noluit.
1433 1013 1562 1086 Age
1584 1014 1630 1051 ²¹

340 1115 520 1168 nunc,
540 1093 647 1152 iter
658 1090 904 1172 expediti
916 1089 1151 1152 latronis
1165 1111 1296 1151 cum
1313 1091 1564 1155 Milonis

336 1178 747 1260 impedimentis
762 1191 1099 1258 comparate.
1117 1177 1329 1258 semper
1344 1176 1444 1238 ille
1458 1200 1563 1244 an.—

338 1281 429 1328 tea
455 1285 582 1326 cum
610 1284 813 1338 uxore:
854 1279 973 1324 tum
994 1263 1108 1324 fine
1127 1285 1213 1326 ea.
1259 1283 1562 1344 nunquam

336 1371 461 1412 non
497 1352 559 1409 in
583 1349 751 1410 rheda
765 1373 783 1410 ε
832 1366 952 1412 tum
987 1352 1049 1410 in
1085 1371 1256 1430 equo.
1313 1354 1560 1414 comites

336 1436 615 1512 Graeculi,
642 1455 981 1516 quocunque
997 1438 1134 1514 ibat,
1155 1439 1476 1498 etiam-eum
1491 1438 1554 1502 in

336 1523 507 1586 eastra
520 1520 744 1584 Etrusca
758 1525 1118 1604 properabat:
1137 1539 1258 1584 tum
1269 1541 1552 1602 nugarum

334 1612 401 1674 in
414 1613 677 1674 comitatu
700 1609 864 1670 nihil.
913 1609 1080 1685 Milo,
1102 1612 1198 1690 qui
1227 1629 1552 1689 nunquam,

333 1714 455 1760 tum
480 1695 607 1758 casu
637 1715 842 1775 pueros
867 1693 1292 1776 symphoniacos
1340 1698 1546 1760 uxoriz

332 1783 591 1858 ducebat,
610 1796 668 1842 et
692 1781 1018 1842 ancillarum
1029 1801 1244 1861 greges.
1289 1781 1413 1859 ille,
1447 1787 1552 1864 qui

331 1868 538 1949 semper
562 1867 745 1928 secum
772 1863 976 1944 scorta,
1015 1868 1222 1950 semper
1257 1861 1550 1947 exoleto&

330 1955 538 2037 semper
552 1955 709 2036 lupas
724 1953 983 2030 ducebat,
1007 1970 1126 2018 tum
1139 1957 1446 2030 neminem,
1453 1959 1552 2018 ni-

329 2043 374 2106 fi
388 2058 451 2104 ut
464 2044 646 2104 virum
667 2061 699 2099 a
714 2041 837 2100 viro
854 2040 1053 2100 leffium
1069 2040 1174 2102 effe
1187 2040 1420 2102 diceres·
1441 2063 1548 2104 cur

328 2132 497 2208 igitur
520 2130 694 2189 vietus
718 2123 818 2185 est?
842 2127 975 2206 quia
989 2147 1112 2188 non
1127 2126 1332 2206 semper
1350 2128 1547 2190 viator

330 2237 365 2277 a
376 2216 1024 2291 latrone,nonnunquam
1037 2215 1198 2276 etiam
1209 2212 1358 2272 latro
1375 2233 1408 2272 a
1421 2216 1548 2284 via-‚

330 2315 453 2360 tore
479 2298 749 2358 occiditur
765 2319 783 2355 ε
809 2300 963 2376 quia,
983 2318 1300 2378 quanquam
1317 2315 1552 2377 paratus

325 2383 386 2438 in
404 2383 715 2459 imparatos
736 2381 994 2457 Clodius,
1021 2399 1203 2444 tamen
1231 2385 1432 2444 mulier
1449 2388 1547 2450 in·.

318 2462 524 2546 υἱάσι-ξιτ
538 2465 601 2526 in
616 2466 904 2528 viros.nec
919 2487 1053 2532 vero
1064 2467 1138 2532 fic
1153 2483 1272 2556 erat
1283 2489 1544 2552 unquam

1697 643 1708 919 ᾗ
