1717 3092
373 121 461 178 M.
514 120 1129 178 MARCELLO.
1232 139 1338 198 335

118 221 197 292 fit
214 222 413 302 gloria.
455 218 529 282 est
542 241 679 283 vero
702 221 1022 288 fortunatus
1043 221 1163 299 ilie,
1183 224 1344 303 cujus

123 331 212 382 ex
252 308 421 373 salute
452 329 575 373 non
611 312 799 374 minor
834 311 980 388 pen&
1019 308 1087 370 ad
1116 329 1310 372 omnes
1323 353 1348 390 ,

127 418 311 481 quam
326 397 395 461 ‚ad
410 395 567 460 illum
580 411 814 461 ventura
829 393 916 471 fit,
932 394 1138 459 laetitia
1152 417 1345 476 perve-

124 487 310 554 nerit.
337 483 491 564 quod
506 485 559 544 ei
574 482 797 564 quidem
812 484 1035 558 metito,
1059 499 1226 564 atque
1241 505 1348 568 op·

125 575 283 634 timo
302 572 431 649 jure
446 572 702 650 contigit.
728 573 857 651 quis
879 571 1029 630 enim
1045 568 1120 631 est
1137 570 1236 636 illo
1252 587 1350 635 aut

130 657 457 732 nobilitate,
474 674 569 720 aut
586 659 885 738 probitate,
905 671 1000 718 aut
1015 658 1350 738 optimarum

134 747 347 811 artium
377 743 576 821 studio,
598 759 694 807 aut
722 746 1072 821 innocentia,
1112 760 1208 809 aut
1228 746 1348 809 ullo

86 855 114 890 α
134 851 361 912 genere.
380 829 561 892 laudis
583 830 940 911 praestantior
963 831 984 890 ἓ
1124 832 1349 894 Nullius

132 933 363 980 tantum
378 915 451 976 est
466 919 671 980 flumen
684 919 920 996 ingenii,
941 915 1094 976 nulla
1107 916 1352 996 dicendi,

135 1020 241 1068 aut
256 1001 527 1066 scribendi
544 1019 701 1068 tanta
718 1007 827 1082 vis,
848 1019 1006 1066 tanta
1021 1005 1350 1084 copia,quae

136 1113 268 1156 non
298 1090 479 1154 dicam
511 1112 805 1167 exornare,
842 1089 934 1152 sed
965 1111 1240 1166 enarrare,
1275 1095 1348 1152 C.

140 1177 367 1254 Caesat,
386 1197 471 1242 res
490 1194 613 1240 tuas
626 1177 795 1256 gestas
813 1177 993 1259 possit.
1041 1193 1225 1241 tamen
1241 1181 1353 1242 hoc

141 1264 387 1340 affirmo,
408 1281 465 1326 et
494 1269 603 1328 hoc
640 1285 772 1346 pace
794 1266 972 1326 dicam
1000 1279 1118 1338 tua,
1139 1264 1368 1330 nullam-

142 1355 207 1414 in
222 1353 310 1412 his
326 1349 427 1412 effi·
442 1351 657 1414 laudem
672 1352 991 1434 ampliorem
997 1351 1186 1432 ,qusim
1207 1374 1352 1430 eam,

142 1459 315 1518 quam
331 1438 603 1510 hodierno
626 1438 715 1498 die
730 1438 1057 1502 consecutus
1073 1449 1157 1499 es‘.
1201 1437 1354 1500 soleo

145 1523 304 1605 saepe
321 1539 449 1586 ante
464 1524 657 1586 oculos
675 1545 908 1606 ponere,
934 1525 1100 1604 idque
1115 1523 1354 1588 libenter

148 1613 356 1672 crebris
373 1611 628 1692 usurpare
648 1611 1011 1685 sermonibus,
1039 1630 1238 1670 omnes
1253 1631 1356 1672 no·

153 1695 389 1760 sttorum
404 1699 817 1780 imperatorum,
828 1717 1026 1758 omnes
1040 1711 1356 1760 exterarum

154 1786 437 1864 gentium,
481 1785 1085 1866 potentissunorumque
1115 1784 1354 1864 populo-

158 1889 495 1946 rum‚omnes
512 1871 921 1934 clariffimorum
945 1892 1132 1950 regum
1155 1893 1244 1932 res
1257 1893 1358 1951 ge-

158 1957 263 2018 stas
278 1977 403 2018 cum
419 1960 531 2018 tuis
554 1980 657 2019 nec
686 1962 1113 2019 contentionum
1143 1961 1360 2034 magni·

160 2043 372 2119 tudine,
394 2065 497 2104 nec
512 2066 743 2106 numero
758 2045 1115 2124 praeliorum,
1145 2065 1247 2102 nec
1264 2065 1360 2102 va-

162 2131 352 2192 rietate
372 2134 687 2208 regionum,
712 2153 815 2190 nec
830 2132 1107 2190 celeritate
1130 2127 1358 2187 confici-

161 2216 311 2290 endi,
342 2238 445 2276 nec
468 2215 894 2277 dissimilitudine
922 2215 1192 2276 bellorum
1209 2213 1360 2294 poss'e

162 2302 423 2364 conferri.
463 2324 567 2362 nec
582 2325 717 2364 vero
731 2304 837 2381 disj
845 2302 1168 2362 und'tiffimas
1185 2317 1359 2362 terras

163 2391 320 2450 citius
336 2389 656 2468 cujusquam
688 2391 916 2470 paffibus
949 2386 1180 2470 potuiss'e
1203 2409 1358 2468 pera·

118 2497 130 2503 ·
164 2478 326 2556 grati,
349 2496 517 2557 quam
531 2480 640 2538 tuis
662 2497 785 2539 non
798 2477 978 2540 dicam
992 2473 1254 2554 curfibuS,
1269 2473 1360 2536 sed
