1717 3092
382 139 492 201 288
694 139 1253 199 ORATIO

379 259 587 321 matus,
608 243 870 306 libentius
906 245 1041 304 haec
1057 244 1118 304 in
1146 242 1307 311 illum
1336 261 1580 308 evomere

382 331 595 408 videar,
624 353 791 411 quam
815 333 1029 391 verius.
1075 332 1282 390 etenim
1314 329 1414 390 etfi
1434 354 1582 414 prae·

382 420 606 500 cipuum
620 417 723 478 effe
745 417 1008 491 debebam
1043 433 1225 478 tamen
1240 419 1322 476 ita
1344 439 1586 480 commu·

364 506 477 566 nis
492 520 611 565 erat
628 505 878 564 omnium
893 504 986 564 ille
1001 503 1256 579 hostis‚ut
1267 506 1330 562 in
1345 523 1586 566 commu·

377 593 441 652 ni
454 591 589 652 odio
606 595 749 672 pene
765 591 1064 671 aequaliter
1078 589 1386 651 versaretur
1401 591 1586 654 odium
1684 585 1685 660 Ῑ

378 697 586 738 meum.
634 699 752 738 non
770 675 948 758 potest
961 678 1069 738 dici
1091 675 1241 754 satis,
1263 695 1342 737 ne
1357 680 1587 756 eogitari
1684 689 1685 700 ¹

378 765 627 846 quidem,
657 780 928 843 quam-um
946 766 1004 824 in
1029 765 1126 822 illo
1143 762 1382 839 sceleri8‚
1411 785 1588 844 quan·

378 867 498 912 tum
515 852 671 912 exitii
685 849 873 911 fiierit.
921 853 1058 930 quin
1073 849 1146 910 fic
1168 851 1466 928 attendite,
1488 860 1584 930 ju·-

376 938 559 999 dices:
588 957 783 1016 nempe
804 939 937 998 haec
952 936 1028 996 est
1047 935 1290 1016 quaestio
1305 937 1377 996 de
1391 939 1586 1001 interi·

378 1039 438 1086 tu
458 1031 519 1084 P.
538 1023 743 1084 clodii.
758 1021 952 1101 fingite
967 1025 1167 1084 animis
1183 1047 1200 1082 a
1215 1023 1424 1083 liberae
1440 1027 1586 1086 enim

378 1109 505 1172 sunt
546 1111 916 1188 cogitationes
947 1109 1191 1184 nostrae}
1216 1125 1274 1170 et
1301 1129 1454 1190 quae
1484 1132 1587 1172 vo·

377 1198 524 1274 lunt,
548 1196 619 1258 fic
634 1199 944 1272 intuentur,
970 1211 1034 1257 ut
1047 1217 1112 1256 ea
1127 1199 1431 1273 cernimus»,
1448 1217 1586 1280 quae
1684 1207 1685 1212 ’

376 1284 657 1345 videmus,
688 1283 884 1363 fingite
901 1285 1070 1362 igitur
1085 1286 1431 1362 cogitatione
1445 1287 1582 1346 ima·

379 1372 567 1450 ginem
584 1369 749 1449 hujus
772 1370 1116 1431 conditionis
1133 1389 1309 1444 meae,
1334 1370 1376 1432 fi
1393 1372 1588 1450 possim
1684 1438 1685 1452 χ

377 1455 614 1532 efficere,
636 1473 699 1516 ut
726 1457 1000 1518 Milonem
1025 1455 1346 1532 absolvatis,
1376 1457 1587 1532 sedita,
1684 1455 1685 1521 ἶ

376 1543 417 1606 fi
434 1551 498 1606 P.
524 1543 753 1604 Clodius
769 1545 1056 1604 revixerit.
1103 1543 1238 1622 quid
1259 1543 1422 1604 vultu
1443 1547 1588 1605 exti·

372 1628 850 1711 muistis‚quonam
867 1630 1042 1690 modo
1055 1628 1147 1689 ille
1163 1649 1264 1688 vos
1281 1633 1457 1691 vivus
1473 1632 1589 1692 affi·
1684 1625 1685 1668 ἶ

372 1718 640 1796 ceret,qui
661 1730 915 1776 mortuus
931 1718 1088 1777 inani
1103 1718 1453 1793 cogitatione
1468 1738 1592 1799 per·
1684 1707 1685 1758 Ῑ

372 1803 565 1890 cullit?
594 1800 771 1881 quid?
797 1800 836 1862 fi
869 1798 980 1883 ipse
1011 1809 1124 1862 Cn.
1141 1805 1468 1883 Pompeius,
1493 1805 1592 1885 qui

373 1909 439 1952 ea
457 1892 663 1950 virtute
692 1907 755 1947 ac
775 1888 1007 1950 fortuna
1031 1887 1128 1965 est,
1153 1904 1214 1948 ut
1244 1911 1310 1948 ea
1332 1895 1596 1970 potuerit
1684 1901 1685 1926 ¹

374 1975 603 2057 semper,
626 1993 767 2054 quae
794 1995 960 2036 nemo
989 1991 1205 2056 praeter
1226 1975 1382 2036 illum
1408 2000 1426 2036 ε
1454 1977 1496 2037 fi
1522 1981 1594 2053 is,

374 2065 629 2144 inquam,
664 2059 948 2142 potuiffet,
985 2077 1079 2121 aut
1109 2061 1493 2142 quaestionem
1523 2063 1594 2123 de

376 2165 557 2212 morte
581 2155 645 2208 P.
664 2146 851 2207 Clodii
865 2147 1029 2224 ferre,
1053 2164 1150 2208 aut
1164 2145 1337 2228 ipsum
1353 2151 1430 2208 ab
1445 2149 1594 2209 infe-

374 2238 454 2295 ris
471 2235 713 2294 excitare
728 2255 747 2305 3
776 2248 960 2294 utrum
977 2237 1182 2312 putatis
1199 2237 1392 2315 potius
1409 2235 1593 2296 factu-

368 2339 494 2378 rum
526 2317 722 2377 fuiffe?
768 2322 934 2378 etiam
957 2319 998 2379 fi
1019 2336 1246 2402 propter
1276 2322 1594 2382 amicitiam

370 2402 539 2462 vellet
568 2401 723 2461 illum
744 2406 813 2464 ab
843 2404 1038 2464 inferis
1071 2426 1326 2481 evocare,
1350 2423 1592 2488 propter
1684 2407 1685 2414 ’

366 2487 762 2566 rempublicam
796 2509 918 2554 non
953 2490 1177 2554 fecisset.
1235 2492 1362 2572 ejus
1411 2495 1593 2573 igitur
