1717 3092
226 273 235 280 ’
347 291 459 352 392
624 277 1268 358 ORATIO‘PRO

334 379 483 446 ,haec
496 399 723 462 quoque
736 379 1048 442 acerbitatis
1061 395 1120 440 et
1135 378 1254 442 odii
1281 381 1580 458 magnitu-

348 465 447 528 do.
492 459 729 540 adeone}
748 482 813 528 ut
828 468 994 528 etiam
1007 468 1200 528 omnia
1213 469 1389 544 vitae,
1421 467 1583 526 salu·

348 551 529 634 risque
552 553 888 629 communis,
918 569 1084 633 atque
1111 555 1284 614 etiam
1305 554 1584 614 humani-

346 641 484 700 tatis
510 643 637 720 jura
668 639 983 703 violentur?
1019 637 1234 701 {ervum
1267 639 1580 701 sollicitare

346 728 559 802 verbis,
605 727 729 810 spe,
774 724 1144 808 promissisque
1181 746 1578 810 corrumpere,

348 812 626 876 adducere
638 815 894 890 domum,
917 829 1118 874 contra
1145 812 1444 876 dominum
1481 834 1578 872 ar·

344 920 529 962 mare:
562 903 671 962 hoc
692 900 789 977 est,
826 920 950 962 nou
979 903 1079 960 uni
1100 903 1454 982 propinquo,
1479 898 1574 960 sed

344 989 611 1050 omnibus
626 987 853 1054 familiis
873 987 1078 1050 bellum
1103 986 1384 1048 nefarium
1413 985 1572 1048 indi-
1625 1011 1632 1020 ·

344 1093 495 1136 cere.
542 1095 673 1138 nam
702 1073 799 1136 ista
824 1073 1139 1154 corruptela
1178 1072 1347 1149 servi,
1379 1071 1424 1133 fi
1445 1093 1574 1134 non

348 1161 527 1222 modo
550 1163 823 1242 impunita
840 1159 1034 1235 fuerit,
1058 1158 1148 1221 sed
1165 1162 1336 1220 etiam
1359 1180 1396 1219 a
1410 1175 1575 1220 tanta

348 1249 676 1310 auctoritate
692 1249 1022 1330 approbatae
1049 1245 1192 1305 nulli
1207 1248 1448 1328 parietes
1465 1267 1572 1307 no-

352 1331 517 1394 stram
550 1332 805 1409 salutem,
829 1333 1016 1394 nullae
1053 1332 1229 1412 legeS,
1259 1331 1420 1392 nulla
1442 1333 1574 1410 jura

349 1417 680 1482 custodient.
728 1422 821 1481 ubi
842 1421 996 1480 enim
1025 1420 1110 1495 id,
1132 1415 1287 1499 quod
1307 1421 1466 1478 intus
1493 1417 1572 1480 est

350 1515 522 1585 atque
554 1505 829 1582 nostrum,
852 1509 1084 1586 impune
1107 1506 1328 1564 evolare
1367 1503 1566 1585 potest,

352 1607 665 1672 contraque
680 1614 789 1654 nos
814 1612 1086 1672 pugnare,
1109 1590 1172 1650 fit
1191 1593 1252 1650 in
1273 1591 1568 1652 dominatu

352 1676 613 1754 servitus,
633 1681 693 1738 in
712 1678 974 1740 servitute
997 1678 1341 1737 dominatus.
1367 1678 1408 1737 ὁ
1427 1695 1566 1738 tem·

342 1783 519 1846 pora,
532 1765 573 1826 ὁ
590 1769 799 1826 mores!
821 1772 932 1825 Cn.
953 1765 1242 1824 Domitius
1261 1763 1377 1838 ille,
1399 1785 1567 1845 quem

352 1871 466 1912 nos
482 1854 637 1932 pueri
671 1849 979 1924 consulem,
1007 1848 1316 1926 censorem,
1341 1851 1567 1928 pontifi-

355 1957 475 1998 cem
512 1940 815 1998 ma'ximum
846 1937 1115 2012 vidimus,
1159 1957 1286 1995 cum
1310 1939 1566 1998 tribunus

354 2021 529 2102 plebis
551 2029 635 2085 M.
661 2031 948 2099 Scaurum,
971 2024 1276 2104 principem
1297 2023 1562 2100 civitatis,

356 2113 422 2171 in
439 2109 713 2187 judicium
746 2110 936 2192 populi
963 2108 1223 2184 vocasset,
1267 2111 1563 2190 Scaurique

350 2195 541 2259 strvus
566 2197 633 2256 ad
658 2217 782 2256 eum
806 2197 944 2256 clam
975 2196 1202 2256 domum
1225 2195 1477 2272 venisset,
1507 2212 1560 2257 et

354 2285 589 2347 crimina
620 2286 681 2344 in
712 2283 1007 2342 dominum
1039 2281 1350 2341 delaturum
1381 2281 1433 2340 se
1461 2282 1557 2342 esse

354 2368 605 2430 dixiss'etz
648 2368 911 2450 prehendi
959 2368 1244 2429 hominem
1275 2369 1448 2445 juffit,
1491 2369 1555 2430 ad

352 2462 727 2532 Scaurumque
742 2453 959 2514 deduci.
1008 2454 1158 2529 vide,
1175 2454 1312 2534 quid
1329 2455 1554 2517 interfit:

350 2537 443 2596 etii
465 2539 661 2616 inique
680 2539 960 2602 Castorem
975 2561 1101 2600 curn
1131 2541 1390 2600 Domitio
1411 2562 1552 2602 com·

344 2641 517 2700 paro:
542 2619 633 2685 sed
658 2639 846 2690 tamen
871 2625 968 2688 ille
987 2627 1220 2690 inimico
1233 2624 1458 2690 ‘servum
1471 2647 1554 2687 re·
