1717 3092
306 353 416 431 388
578 352 980 410 ORATIO
1030 353 1218 408 PRO

304 458 491 530 dedit3
518 457 819 518 exercitum
848 454 1022 528 aluit3
1054 455 1126 529 ei,
1149 475 1322 536 quem
1359 455 1513 519 Afiae

306 545 667 627 praefeceras,
699 543 847 602 nulla
870 545 930 600 in
955 564 1014 602 re
1027 542 1240 616 defuit3
1267 546 1370 604 tibi
1395 549 1514 605 vic-

312 637 424 694 tori
444 652 562 691 non
578 630 753 690 solum
772 629 839 690 ad
855 629 1177 711 hospitium,
1202 629 1294 692 sed
1317 631 1385 692 ad
1416 652 1512 712 pe·

309 719 548 780 ticulum
584 720 774 791 ctiam,
810 733 978 796 atque
1001 716 1069 777 ad
1108 718 1280 778 aciem
1302 717 1514 799 praesto

306 805 439 868 fuit.
458 803 700 864 secutum
714 802 787 862 est
802 803 1006 864 bellum
1023 802 1374 866 Africanum.
1389 826 1514 885 gra·

306 914 409 956 ves
435 892 501 953 de
517 909 571 951 te
593 911 841 952 rumores
863 889 1054 970 sparfiz
1082 893 1180 970 qui
1195 894 1362 952 etiam
1377 893 1513 953 furi-

308 978 469 1040 osum
498 977 651 1038 illum
678 977 926 1038 Caelium
944 978 1352 1040 excitaverunt.
1399 999 1516 1060 quo

311 1082 433 1126 tum
449 1086 579 1144 erga
596 1084 650 1124 te
674 1086 775 1126 rex
796 1067 986 1125 animo
1015 1065 1150 1125 fuit?
1180 1069 1284 1144 qui
1305 1069 1518 1127 auctio-

308 1169 477 1216 natus
508 1152 595 1228 fit,
649 1150 860 1232 seseque
905 1151 1208 1232 exspoliare
1241 1154 1522 1229 maluerit,

306 1263 478 1323 quam
500 1243 602 1299 tibi
624 1241 912 1321 pecuniam
935 1260 1057 1299 non
1089 1239 1514 1300 subministrare.

240 1373 255 1384 .
308 1344 369 1389 at
382 1351 478 1402 eo,
499 1328 704 1406 inquit,
728 1343 978 1405 tempore
992 1325 1112 1407 ipso
1127 1329 1414 1402 Nicaeam,
1445 1333 1540 1404 E·-

308 1415 645 1498 phesumque
666 1416 940 1488 mittebat,
970 1416 1070 1493 qui
1090 1433 1344 1474 rumores
1365 1412 1522 1474 Afri·

306 1523 484 1564 canos
500 1504 839 1582 exciperent,
860 1515 916 1560 et
931 1500 1176 1561 celeriter
1191 1501 1262 1562 ad
1283 1499 1337 1560 se
1352 1501 1525 1562 refer·

305 1605 456 1650 rent.
485 1591 675 1668 itaque
687 1610 814 1648 cum
826 1585 956 1648 effet
970 1590 1018 1647 ei
1035 1590 1378 1663 nuntiatum,
1397 1596 1521 1648 Do·

309 1677 532 1739 mitium
566 1673 855 1754 naufragio
879 1673 1112 1756 periiss'e,
1135 1690 1191 1735 te
1221 1677 1284 1734 in
1300 1673 1524 1736 castello

310 1761 705 1826 circumfideri:
746 1761 815 1821 de
838 1764 1094 1822 Domifio
1125 1761 1276 1822 dixit
1304 1759 1526 1824 versum

310 1859 588 1912 Graecum
633 1848 821 1909 eadem
850 1846 1121 1910 sententia
1137 1890 1156 1923 ,
1204 1869 1319 1929 qua
1354 1851 1526 1910 etiam

310 1958 424 1998 nos
440 1939 697 1997 habemus
715 1939 1012 1997 Latinum:
1043 1937 1063 1968 ‘
1083 1951 1314 2016 pereant
1335 1938 1524 2014 amici,

311 2024 337 2058 ‘
359 2024 492 2083 dum
510 2028 621 2082 unit
642 2025 853 2086 inimici
867 2023 1200 2084 intercidant
1216 2026 1260 2104 κζ
1281 2023 1441 2103 quod
1458 2022 1527 2083 il-

314 2111 387 2187 le,
418 2109 457 2170 fi
479 2107 607 2169 effet
638 2111 739 2171 tibi
779 2109 1195 2187 inimiciffimus,
1233 2129 1530 2190 nunquam

314 2214 507 2260 tamen
540 2195 773 2258 dixiss‘et.
836 2197 949 2279 ipse
977 2198 1126 2257 enim
1165 2194 1526 2270 mansuetus;

314 2285 508 2347 versus
524 2286 802 2347 immanis.
824 2289 923 2365 qui
943 2299 1124 2345 autem
1139 2285 1403 2344 Domitio
1419 2305 1526 2366 po-

315 2386 462 2433 terat
490 2369 595 2432 effe
632 2374 862 2450 amicus,
913 2373 1010 2452 qui
1037 2373 1136 2432 tibi
1176 2369 1308 2431 effet
1337 2372 1529 2432 inimi-

312 2460 547 2521 cus?tibi
569 2479 741 2539 porro
756 2461 1018 2519 inimicus
1048 2479 1147 2518 cur
1161 2457 1312 2534 effet,
1337 2480 1370 2518 a
1387 2479 1531 2538 quc,

315 2565 444 2606 cum
460 2545 549 2604 vel
570 2545 804 2606 interfici
828 2545 958 2606 belli
988 2545 1108 2624 lege
1131 2544 1418 2626 potuiss'et,
1441 2566 1531 2605 re-

312 2643 515 2704 gemet
536 2628 612 2703 se,
635 2647 692 2692 ct
706 2632 879 2692 filium
905 2630 1058 2693 suum
1071 2631 1410 2694 constitutos
1427 2631 1532 2692 essc

311 2713 681 2779 meminiffet?
719 2717 856 2799 quid
887 2717 1128 2782 deinde?
1154 2717 1390 2783 furcifer
1409 2738 1532 2802 quo
