1717 3092
367 174 446 232 32
693 159 1239 217 ORATIO

367 259 527 334 dicit,
549 255 586 318 fi
603 278 881 320 venenum
902 263 971 320 ab
994 263 1105 322 hoc
1118 260 1211 320 fibi
1228 275 1472 339 paratum
1488 258 1569 320 es-

366 344 421 407 se
437 366 555 406 non
571 347 754 423 arguit
769 368 786 418 3
807 346 1119 424 petulanter
1136 345 1435 421 facimus‚fi
1448 368 1567 406 ma·

366 430 742 492 tremfamilias
781 430 958 507 secus,
1000 451 1167 511 quam
1190 447 1571 494 matronarum

364 516 620 578 sanctitas
637 516 893 597 postulat,
926 520 1301 578 nominamus,
1348 517 1453 592 fin,
1476 516 1573 578 ista

363 605 593 664 muliere
615 619 850 678 remota,
879 625 982 664 nec
1004 605 1211 664 crimen
1242 603 1442 676 ullum,
1466 625 1570 664 nec

365 710 502 770 opes
521 689 588 749 ad
613 689 1052 769 oppugnandum
1084 690 1333 750 Caelium
1351 689 1462 748 illis
1483 711 1573 750 re·

363 776 722 854 linquentur;
752 775 887 854 quid
904 774 978 834 est
993 775 1163 850 aliud,
1184 775 1334 854 quod
1354 796 1462 835 noe
1478 796 1573 855 pa-

363 865 522 928 troni
540 860 713 920 facere
747 861 1063 935 debeamuS,
1100 861 1201 920 nifi
1230 875 1291 920 ut
1325 881 1451 936 eos,
1470 862 1572 940 qui

364 946 724 1021 insectantur,
762 947 1083 1027 repellamus
1107 947 1128 1006 ἒ
1168 946 1322 1026 quod
1344 947 1575 1026 quidem

350 1033 599 1106 ,facerem
624 1035 1023 1108 vehementius,
1048 1031 1147 1094 nifi
1169 1033 1575 1093 intercederent

361 1120 502 1182 mihi
520 1119 838 1178 inimicitiae
853 1139 977 1178 cum
998 1117 1145 1178 istius
1160 1118 1402 1178 mulieris
1416 1120 1573 1180 virot

362 1205 590 1266 fratrem
619 1203 775 1263 volui
797 1203 1014 1266 dicere:
1060 1201 1269 1284 semper
1297 1207 1389 1264 hic
1410 1225 1573 1267 erre.

363 1311 521 1356 nunc
543 1309 698 1368 agam
715 1288 953 1365 modice,
978 1310 1080 1350 nec
1096 1289 1327 1368 longius
1344 1311 1577 1370 progre-

365 1377 509 1452 diar,
541 1395 706 1456 quam
723 1397 808 1440 me
824 1397 945 1436 mea
959 1375 1093 1436 fides
1108 1392 1163 1434 et
1180 1374 1339 1436 causa
1350 1374 1464 1456 ipsa
1476 1398 1577 1438 co-

362 1479 478 1543 get.
488 1482 666 1542 neque
679 1463 827 1522 enim
843 1461 1131 1528 muliebres
1144 1483 1383 1543 unquam
1395 1464 1582 1524 inimi·

369 1552 531 1613 citias
562 1550 696 1609 mihi
719 1548 988 1626 gerendas
1009 1550 1225 1627 putavi,
1258 1548 1583 1629 praesertim

360 1657 496 1699 cum
511 1655 766 1714 ea‚quam
779 1655 972 1694 omnes
986 1633 1194 1714 semper
1207 1637 1441 1696 amicam
1460 1656 1583 1696 om-

366 1724 526 1783 nium
542 1723 728 1802 potius
733 1763 754 1797 ,
777 1740 944 1802 quam
958 1717 1277 1800 cujusquam
1290 1723 1581 1782 inimicam

367 1822 728 1890 putaverunt.
860 1804 965 1866 Sed
980 1822 1163 1866 tamen
1182 1827 1252 1865 ex
1268 1804 1383 1886 ipsa
1400 1827 1576 1886 quae·
1600 1839 1645 1889 ¹4

365 1913 492 1962 ram
522 1895 698 1973 prius,
736 1906 922 1952 utrum
952 1912 1040 1952 me
1060 1889 1241 1952 secum
1271 1889 1479 1966 severe,
1521 1909 1583 1955 et

366 1981 633 2062 graviter,
657 1994 712 2036 et
727 1975 897 2058 prisce
920 1998 1079 2057 agere
1092 1977 1269 2053 malit,
1294 1999 1369 2038 an
1386 1977 1581 2038 remis·

371 2065 448 2148 se,
477 2087 543 2127 ac
572 2065 792 2138 leniter,
821 2079 881 2124 et
904 2066 1130 2125 urbane.
1177 2062 1218 2124 fi
1238 2063 1337 2125 ino
1359 2062 1583 2125 austero

365 2173 525 2230 more
555 2171 620 2212 ac
640 2149 846 2210 modo:
896 2149 1097 2229 aliquis
1120 2151 1255 2209 mihi
1276 2153 1345 2211 ab
1367 2150 1581 2210 inferis

367 2235 700 2298 excitandus
715 2235 812 2310 est,
833 2257 908 2294 ex
922 2238 1163 2296 barbatis
1179 2236 1288 2294 illis
1293 2279 1314 2310 ,
1337 2257 1456 2294 non
1474 2239 1588 2298 hae

366 2321 617 2394 barbula,
641 2341 750 2399 qua
765 2319 860 2380 ista
874 2319 1201 2394 deleftatun
1227 2319 1315 2382 sed
1334 2321 1429 2380 illa
1444 2325 1591 2382 hor-

367 2404 681 2482 rida,quam
701 2407 762 2464 in
777 2403 967 2464 statuis
980 2409 1227 2487 antiquis
1248 2421 1305 2466 et
1319 2407 1587 2484 imagini·

357 2489 477 2560 hus
489 2488 735 2553 videmus
745 2531 768 2567 ‚
787 2492 889 2574 qui
902 2491 1161 2578 objurget
1189 2492 1503 2574 mulierem,
1526 2508 1591 2578 et
