1717 3092
311 99 408 174 ·36
595 101 1187 158 ‘ORATIO

332 201 443 262 lem
459 213 514 258 te
527 199 633 260 effe⁴
651 201 927 262 existimes
938 223 959 274 ;
992 216 1076 274 ut,
1104 215 1379 280 quantum
1400 221 1434 262 a
1456 223 1543 264 ree

333 308 460 348 rum
475 287 816 367 turpitudine
829 291 1201 360 abe3‚tantum
1219 302 1275 348 te
1292 309 1325 347 a
1340 295 1547 350 verbo·

337 394 464 434 rum
481 373 724 432 libertate
754 372 1007 451 sejungas
1026 373 1285 448 rdeinde,
1309 390 1379 432 ut
1397 396 1467 434 ea
1484 378 1547 434 in

293 453 298 456 ¹
337 459 570 518 alterum
586 480 658 518 ne
679 457 852 534 dicas,
868 479 1010 537 quae
1033 479 1161 519 cum·
1172 460 1273 518 tibi
1286 459 1439 520 fals&
1460 482 1545 520 re-

244 549 250 554 ’
339 541 537 623 sponsa
559 543 686 620 (int,
707 544 1014 606 erubescas.
1038 547 1164 623 quis
1178 543 1253 602 est
1266 547 1441 620 enim,-
1456 548 1549 606 cui

335 631 436 704 *qia
451 628 546 688 ista
561 651 681 690 non
703 631 914 707 pateat?
948 633 1046 710 qui
1068 631 1151 690 isti
1166 634 1355 706 aetati,
1378 647 1550 710 atque

341 718 512 776 etiam
554 716 811 792 dignitati
845 737 969 775 non
1008 717 1165 795 possit
1202 719 1371 794 quim
1409 717 1549 778 velit

341 802 677 884 petulanter,
713 803 881 861 etiam
912 799 952 860 fi
988 801 1101 860 fine
1138 801 1248 860 ulla
1286 800 1549 882 suspicio-

343 909 420 948 ne
435 929 456 962 ,
495 903 554 946 at
576 907 696 946 non
717 885 834 946 fine
862 903 1211 964 argumento,
1256 887 1550 950 maledice·

343 975 434 1034 re?
459 972 555 1032 sed·
567 971 782 1032 istarum
802 974 1048 1052 partium·
1063 973 1223 1052 culpa
1236 971 1315 1032 est
1328 993 1551 1050 eorum,

343 1061 443 1139 qui
481 1075 537 1117 te
571 1078 731 1136 agere
764 1057 1103 1118 voiuerunt.
1144 1058 1266 1117 laus
1315 1059 1549 1138 pudoris

341 1147 450 1221 tui,
494 1143 646 1232 quod
675 1164 742 1202 ea
777 1159 832 1204 te
855 1146 1109 1204 invitum
1119 1143 1298 1204 dicere
1320 1145 1549 1206 videba-

343 1253 505 1292 mus:
554 1230 787 1308 ingemi,
827 1230 986 1308 qudd
1010 1244 1229 1306 ornate,
1262 1231 1552 1310 politeque

343 1312 546 1378 dixisti.
679 1323 892 1374 Verum
921 1315 991 1374 ad
1004 1313 1157 1374 istam
1172 1335 1399 1374 omnem
1418 1337 1597 1407 ora-4

343 1405 556 1464 tionem
585 1403 768 1462 brevis
791 1396 867 1460 est
888 1399 1323 1460 defenfio.na1n
1360 1363 1597 1480 quoad⁴

323 1505 492 1548 .aetas
513 1494 599 1548 M.
617 1486 786 1546 Caelii
803 1487 937 1546 dare
950 1489 1139 1566 potuit
1152 1485 1241 1546 isti·-
1251 1486 1553 1567 suspicioni

342 1576 550 1648 locum,
563 1573 676 1642 ‚fuit
698 1574 939 1652 primum
952 1571 1115 1652 ipfius
1132 1573 1365 1653 pudore5
1387 1573 1577 1636 dein·-

343 1659 413 1720 de
444 1661 610 1718 etiam
639 1661 814 1739 patris
843 1659 1127 1736 diligentia
1150 1657 1555 1741 disciplinaque

339 1748 589 1808 munitm
613 1748 710 1824 qui
733 1759 797 1804 ut
827 1747 957 1804 huic
986 1745 1201 1804 virilem
1228 1759 1419 1822 togam
1452 1746 1553 1806 de·

339 1833 447 1907 dit,
477 1831 614 1890 nihil
628 1830 806 1890 dicam
821 1834 931 1890 hoc
952 1830 1080 1890 loeo
1098 1831 1301 1890 deme.
1330 1845 1561 1892 tantum

339 1919 697 1998 fit‚quantum
719 1937 825 1976 vos
841 1915 1192 1976 existimatis.
1216 1919 1323 1976 hoc
1339 1916 1551 1994 dicam,

340 2009 492 2064 hune
505 2025 536 2065 a
553 2018 708 2084 patre
725 2005 999 2063 continuo
1022 2001 1092 2060 ad
1106 2023 1196 2062 me
1216 2001 1320 2062 effe
1340 2001 1553 2064 deduc·

283 2104 298 2114 ·
339 2105 482 2150 tum.
529 2109 694 2148 nemo
717 2092 867 2148 hunc
890 2095 975 2147 M.
997 2088 1279 2148 Caelium
1262 2110 1323 2147 m
1340 2088 1441 2148 illo
1456 2111 1551 2150 ae-

335 2179 471 2235 tatis
505 2177 640 2234 flore
670 2174 832 2249 vidit,
857 2172 957 2232 nifi
990 2189 1225 2234 anteum
1252 2189 1431 2254 patre,
1453 2190 1553 2236 aut

336 2281 574 2334 mecum,
599 2262 766 2318 autin
783 2259 1038 2318 M.Craffi
1056 2259 1331 2318 castissima
1346 2259 1557 2336 domo,

335 2345 464 2403 cum
477 2346 648 2402 artibu
657 2365 681 2400 s
697 2343 1071 2403 honestissimis
1082 2344 1551 2408 erudiremr.nam

333 2428 486 2511 quod
512 2428 775 2506 Catilinae
786 2428 1132 2492 familiaritas
1164 2431 1379 2510 objecta
1408 2437 1551 2494 Cae-
