1717 3092
362 165 469 226 3¹2
636 147 1044 208 ORATIO
1097 149 1283 208 PRO

362 253 417 313 se
437 254 802 314 verebantur:
828 269 907 328 et,
935 274 1064 312 cum
1095 268 1257 312 erant
1273 252 1564 334 appellati3

362 339 403 402 fi
432 341 742 413 videbatur,
774 340 954 400 statim
993 356 1193 401 contra
1214 339 1402 399 dicere
1430 340 1566 401 sole·
1683 331 1685 406 l

364 429 522 488 bant.
569 426 647 487 fin
671 431 791 506 ejus
820 429 1089 508 temporis
1113 425 1390 486 recentem
1419 430 1566 488 invi·
1684 413 1685 484 ἶ

360 513 509 574 diam
544 515 964 594 pertimuerant,
990 511 1400 593 respondebant
1423 513 1568 592 post·

361 621 447 662 ea.
494 601 648 680 quod
685 621 812 662 cum
840 598 1102 673 fecissent,
1125 598 1388 678 permulti
1416 599 1571 681 saepe

361 690 638 747 vicerunt.
774 692 904 746 Hoc
920 706 1054 746 vero
1079 705 1291 744 novum
1309 683 1409 761 est,
1439 702 1569 746 ante
1593 699 1615 743 5

362 776 471 833 hoc
488 789 706 852 tempus
723 775 960 831 omnino
995 771 1325 832 inauditum.
1377 774 1438 830 in
1455 771 1572 832 liti·

362 861 467 919 bus
485 859 722 920 Postumi
743 879 951 918 nomen
985 856 1057 918 est
1079 856 1373 936 nusquam.
1423 860 1487 918 in
1505 859 1572 918 li·

360 948 505 1005 tibus
522 945 677 1005 dico?
709 945 883 1004 modo
898 962 1004 1004 vos
1021 943 1186 1003 iidem
1209 947 1270 1002 in
1297 951 1374 1002 A.
1397 948 1570 1005 Gabi-

362 1034 519 1092 nium
542 1031 761 1110 judices
806 1029 1048 1090 sedistist
1094 1051 1228 1088 num
1261 1032 1392 1108 quis
1422 1031 1570 1092 testis

361 1117 676 1179 Postumum
690 1118 1016 1198 appellavit?
1035 1115 1178 1176 testis
1197 1117 1412 1175 autem?
1436 1139 1571 1179 num

360 1203 669 1264 accusator?
687 1225 823 1264 num
838 1204 1078 1283 denique
1098 1217 1226 1262 toto
1239 1203 1572 1279 illojudicio

360 1290 598 1353 Postumi
614 1311 820 1351 nomen
836 1289 1084 1350 audistis?
1117 1311 1236 1350 non
1257 1291 1432 1368 igitur
1447 1311 1570 1350 reus

356 1398 430 1438 ex
448 1397 513 1436 ea
529 1376 710 1452 causa,
740 1377 1136 1456 quaejudicata
1165 1374 1261 1450 est,
1295 1377 1569 1438 redundat

361 1462 677 1526 Postumuse
724 1462 810 1522 sed
836 1462 912 1522 est
933 1479 1182 1543 arreptus
1220 1483 1371 1522 unus
1403 1483 1568 1543 eques

365 1558 651 1612 Romanus
683 1550 753 1608 de
777 1552 1027 1628 pecuniis
1067 1549 1390 1628 repetundis
1423 1571 1567 1610 reus·

361 1640 559 1718 quibus
576 1637 805 1696 tabulis?
830 1657 974 1714 quae
995 1635 1284 1714 injudicio
1303 1643 1378 1696 A.
1401 1639 1572 1697 Gabi·

362 1728 443 1785 nii
459 1725 715 1783 recitatae
738 1743 858 1782 non
877 1721 1026 1783 sunt.
1071 1742 1186 1801 quo
1203 1721 1364 1782 teste?
1403 1745 1436 1782 a
1458 1745 1574 1804 quo

364 1825 478 1869 tum
495 1809 793 1889 appellatus
820 1807 1088 1888 nusquam
1103 1805 1196 1868 est.
1245 1829 1358 1887 qua
1383 1811 1575 1889 appel·

363 1897 573 1956 latione
595 1896 774 1954 litium
798 1898 819 1954 ?
847 1897 910 1953 in
942 1915 1053 1972 qua
1084 1893 1323 1953 Postumi
1357 1900 1576 1955 mentio

360 1983 501 2044 facta
524 1981 675 2041 nulla
690 1980 784 2040 est.
831 1999 941 2060 qua
955 1980 1104 2058 lege?
1137 2001 1246 2058 qua
1277 2001 1402 2040 non
1417 1999 1577 2043 tene·
1686 2051 1687 2056 ἵ

363 2086 472 2128 tur.
518 2072 608 2127 hic
617 2069 759 2145 jam,
785 2067 1030 2142 JudiceS,
1059 2066 1220 2126 vestri
1247 2069 1471 2150 cqnfilii
1488 2089 1573 2128 re⁴²
1686 2061 1687 2114 ἴ

362 2155 459 2228 est,
489 2153 707 2214 vestrae·
722 2153 1032 2231 sapientiae.
1081 2152 1214 2231 quid
1231 2151 1427 2213 deceat
1441 2176 1576 2228 vox,

360 2262 507 2315 non,
530 2256 800 2318 quantum
824 2238 984 2297 liceat
999 2239 1184 2311 vobis,
1215 2236 1457 2317 spee‘kare
1481 2240 1576 2300 de-

358 2329 520 2384 betis.
554 2325 589 2384 fi
604 2328 775 2398 enim,
792 2322 925 2402 quid
941 2323 1121 2398 liceat,
1145 2328 1450 2402 quaeritis:
1471 2347 1574 2405 po-

358 2409 503 2468 testis
528 2411 721 2468 tollere
736 2431 767 2467 e
784 2403 1030 2482 civitate,
1059 2430 1222 2488 quem
1239 2411 1438 2472 vultis.
1488 2429 1574 2472 ta·

358 2495 493 2552 bella
516 2494 610 2570 est,
643 2515 783 2574 quae
814 2493 918 2554 'dat
936 2495 1256 2575 potestatem
1271 2519 1292 2571 3
1319 2499 1575 2561 occultat
1685 2501 1687 2534 ³
