1717 3092
392 153 490 216 IN
523 161 594 215 L.
629 156 1066 217 PISONEM.
1264 171 1363 231 171

149 275 296 344 gato
319 260 561 337 senatus,
585 281 705 322 non
735 277 798 320 ut
815 261 1011 322 multis
1020 259 1165 322 hene
1178 258 1373 338 gestae,

159 349 254 411 sed
277 365 342 409 nt
367 350 605 425 nemini,
629 348 985 410 conservatae
1014 347 1366 429 reipublicae,

159 436 422 516 fingulari
451 449 648 514 genere
677 434 1117 518 supplicationi8‚
1141 434 1374 496 deorum

156 521 558 585 immortalium
575 523 778 603 templa
788 519 1072 604 patefecit.
1119 541 1227 598 ego
1244 537 1373 584 cum

159 613 228 674 in
245 611 546 684 concione,
568 611 758 670 abiens
771 609 1115 688 magistratu,
1136 607 1377 672 diceret

156 700 396 758 *tribuno
428 694 599 777 plebis
629 699 973 778 prohiberer,
1004 717 1147 778 quae
1170 693 1374 756 consti·

165 800 401 858 meram,
426 803 660 864 cumque
675 787 724 842 ia
739 785 883 844 ¹mihi
900 781 1287 844 tantummodo
1310 795 1375 842 ut

159 873 407 951 jurarem
430 873 770 950 permitteret
776 913 793 944 ,
815 869 929 930 fine
942 870 1053 930 ulla
1071 871 1377 930 dubitatio-

163 957 458 1036 nejuravi,
479 957 871 1038 rempublicam
904 973 1072 1037 atque
1106 961 1252 1015 hanc
1281 977 1378 1014 ur·

162 1047 297 1106 bem
314 1061 436 1103 mea
451 1046 624 1102 unius
642 1063 815 1124 opera
837 1041 941 1102 effe
970 1041 1192 1102 salvam.
1240 1043 1379 1102 mihi

169 1129 413 1213 populus
435 1137 726 1189 Romanus
743 1127 1033 1190 universus
1056 1129 1147 1188 ina
1160 1131 1221 1187 in
1237 1149 1378 1190 con·

170 1219 338 1278 cione
363 1236 484 1276 non
500 1218 668 1275 unius
690 1215 796 1275 diei
813 1214 1264 1294 gratulationem,
1288 1214 1379 1276 sed

169 1306 551 1364 aeternitatem
581 1303 1160 1382 immortalitatemque
1202 1303 1379 1363 dona·

165 1393 280 1466 vit,
305 1411 430 1449 cum
449 1411 630 1451 meum
656 1389 1052 1469 jusjurandum
1084 1391 1190 1450 tale
1212 1406 1379 1470 atque

163 1491 416 1551 tantum,
435 1478 656 1555 juratus
688 1475 821 1558 ipse,
843 1499 957 1537 una
994 1497 1136 1536 voce
1164 1492 1219 1535 et
1242 1498 1381 1537 con·

173 1560 334 1625 stnsu
353 1566 700 1643 approbavit.
747 1584 865 1642 quo
896 1564 1117 1644 quidem
1134 1577 1387 1644 tempore

171 1652 231 1710 is
256 1669 410 1708 meus
428 1649 653 1708 domum
672 1647 774 1709 fuit
788 1672 819 1709 e
832 1649 959 1710 foro
976 1649 1183 1709 reditus
1190 1665 1271 1724 ,ut
1287 1669 1389 1708 ne·

163 1757 302 1818 me,
335 1734 434 1795 nifi
454 1740 550 1814 qui
575 1756 790 1796 mecum
813 1737 964 1812 esset,
988 1740 1189 1796 civium
1206 1733 1308 1795 effe
1325 1739 1388 1796 in

173 1841 419 1883 'numero
435 1823 901 1904 videretur.atque
917 1827 993 1882 ita
1008 1824 1081 1883 est
1098 1846 1129 1883 a
1147 1844 1235 1882 me
1248 1845 1384 1884 con*

174 1908 386 1970 sulatus
404 1913 676 1991 pentane,
700 1927 763 1969 ut
782 1911 918 1972 nihil
936 1911 1047 1970 fine
1062 1909 1289 1970 confilio
1310 1909 1391 1968 se·

175 1998 373 2073 natur„
390 1997 528 2057 nihil
547 2018 666 2056 non
685 2001 1024 2078 approbante
1041 1997 1253 2078 populo
1274 2003 1391 2056 Ro·-

177 2098 376 2157 mano,
399 2086 634 2160 egerim:
659 2100 722 2142 ut
745 2083 950 2165 semper
966 2087 1025 2142 in
1062 2081 1270 2142 Rostris
1291 2103 1394 2142 cu-

179 2171 348 2242 riam,
382 2171 440 2228 in
459 2169 650 2230 senatu
665 2167 934 2252 populum
952 2169 1311 2228 defenderim:
1330 2182 1396 2228 ut

175 2255 601 2318 multitudinem
631 2279 758 2317 cum
799 2259 1163 2339 princi·pibu8‚
1206 2253 1397 2336 eques·

179 2359 332 2402 trem
357 2343 608 2404 ordinem
634 2365 760 2405 cum
777 2347 967 2404 senatu
983 2345 1393 2421 conjunxerim.

123 2439 160 2487 4
182 2428 422 2510 exposui
437 2431 683 2491 breviter
700 2429 1044 2492 consulatum
1064 2451 1260 2490 meum.
1284 2439 1398 2488 Au-

183 2515 260 2578 de
289 2537 467 2596 nunc,
496 2519 537 2582 ὂ
565 2518 730 2596 furia,
761 2519 834 2577 de·
862 2535 963 2580 tuo
992 2517 1203 2580 dicere:
1238 2517 1400 2595 cnjut

734 2609 794 2670 H
840 2625 878 2670 a
