1717 3092
346 182 464 242 320
624 171 1034 228 ORATIO
1085 173 1270 229 PRO

344 268 745 347 Alexandriae,
766 285 831 334 ut
844 275 897 334 ei
921 271 1134 336 Romae
1163 289 1362 350 togato
1379 273 1487 335 effe
1501 273 1568 334 13-

348 373 533 432 ceret3
558 375 653 420 ant
682 359 1166 422 omnes'fortunae
1193 355 1570 438 abjiciendae,

344 439 389 502 fi
406 459 593 523 togam
606 446 928 507 retinuisset.
1061 447 1408 506 Deliciarum
1431 469 1572 508 cau·
1596 459 1637 494 1³

345 530 409 588 sii
424 546 481 590 et
495 532 817 612 voluptatis,
836 554 956 594 non
971 533 1150 594 modo
1177 535 1334 594 cives
1353 539 1569 594 Roma-

342 614 573 692 nos‚sed
588 634 645 678 et
660 620 880 678 nobiles
893 617 1296 693 adolescentes,
1319 635 1380 678 et
1395 617 1572 697 quos-

342 701 473 762 dam
488 706 653 764 e'tiam
682 703 960 766 senatores
983 704 1196 766 summo
1213 705 1348 764 ioco
1369 722 1570 778 natos,

342 809 468 848 non
498 791 559 848 in
590 794 795 866 hortis,
818 807 914 851 aut
935 790 1263 855 suburbanis
1297 789 1436 865 suis,
1473 790 1566 852 sed

336 877 587 952 Neapoli
608 879 669 940 in
684 878 1036 940 celeberrimo
1067 877 1282 958 oppido
1297 899 1430 936 cum
1453 880 1558 938 mi-

340 959 475 1022 tella
492 962 645 1044 saepe
660 964 936 1024 videm-us.
971 963 1384 1042 chlamydatum
1401 963 1563 1024 illum

340 1049 627 1126 L.Syllam
645 1053 1032 1130 imperatorem
1047 1073 1068 1122 ;
1097 1057 1168 1110 L.
1185 1071 1327 1110 vero
1343 1052 1564 1130 Scipio·

338 1137 555 1214 nis,qui
570 1137 770 1198 bellum
790 1139 849 1198 in
867 1135 990 1196 Afia
1005 1135 1564 1214 gessitssntiochum·

340 1239 453 1300 que
476 1221 705 1298 devicit,
736 1244 855 1284 non
885 1221 1064 1294 solum,
1091 1242 1218 1282 cum
1237 1221 1560 1300 chlamyde,

334 1307 430 1368 sed
444 1311 613 1368 etiam
634 1329 761 1370 cum
784 1308 1020 1390 crepidis
1041 1310 1102 1368 in
1135 1308 1432 1388 Capitolio
1453 1308 1560 1368 sta·

334 1407 491 1454 tuam
528 1394 731 1454 videtis
752 1418 770 1454 ε
816 1411 1054 1474 quorum
1099 1396 1411 1474 impunitas
1450 1393 1558 1452 fuit

338 1509 463 1550 non
476 1483 649 1548 modo
662 1479 1035 1561 ajudicio-,sed
1049 1482 1212 1540 etiam
1227 1501 1260 1540 a
1275 1480 1554 1540 sermone.

338 1575 561 1636 facilius
580 1585 729 1632 certe
741 1567 1082 1634 P.Ruti1ium
1101 1567 1309 1626 Rufum
1327 1565 1554 1626 necessi-

336 1663 473 1722 tatis
484 1655 767 1720 excusatio
780 1653 1040 1716 defendet
1054 1674 1071 1712 t
1103 1655 1218 1731 qui,
1245 1673 1374 1712 cum
1387 1673 1424 1709 a
1439 1653 1555 1712 Mi-

334 1746 576 1808 thridate
592 1743 882 1818 Mytilenis
895 1737 1340 1820 oppreffuseffet,
1356 1737 1554 1798 crude·

212 1843 233 1864 ⁸
334 1833 547 1894 litatem
564 1829 709 1906 regis
725 1829 785 1888 in
802 1842 1024 1904 togatos
1041 1821 1267 1884 vestitus
1281 1828 1554 1884 mutatio-

334 1938 409 1980 ne
424 1920 647 1978 vitavit.
694 1935 825 1992 ergo
842 1913 935 1972 ille
954 1921 1013 1971 P.
1035 1911 1298 1982 Rutilius,
1321 1913 1424 1988 qui
1441 1910 1554 1969 do·

330 2019 653 2066 cumentum
670 1999 777 2061 fuit
799 2000 1122 2060 hominibus
1145 1995 1348 2054 nostris
1365 1997 1548 2054 virtu-

328 2094 433 2167 tis,
460 2089 835 2166 antiquitatis,
852 2083 1200 2163 prudentiae,
1231 2081 1544 2142 consularis

330 2181 535 2249 home,
560 2173 749 2236 soccos
766 2172 959 2230 habuit
971 2186 1028 2234 et
1043 2168 1299 2249 pallium?
1323 2187 1428 2226 nec
1445 2188 1545 2227 ve-

330 2283 399 2322 ro
413 2261 469 2322 id
486 2261 701 2320 bomini
714 2274 831 2318 tum
848 2253 1160 2334 quisqu-am,
1195 2250 1286 2312 sed
1301 2254 1544 2331 tempori

332 2346 707 2423 affignandum
745 2343 960 2422 putavit
977 2363 994 2398 ε
1043 2339 1304 2400 Postumo
1331 2341 1542 2397 crimen

330 2430 555 2492 vestitus
576 2429 763 2488 afferet
778 2431 849 2500 is,
881 2431 942 2486 in
967 2447 1081 2505 quo
1097 2425 1216 2504 spes
1231 2423 1360 2496 fuit,
1393 2422 1542 2502 poss‘e

328 2513 437 2574 sese
458 2512 763 2591 aliquando
784 2513 854 2574 ad
871 2507 1270 2576 fortunassuas
1284 2511 1542 2590 perveni-
