1717 3092
392 179 626 240 REGE
674 181 1190 256 DEJOTARo.
1291 199 1399 262 393
1476 142 1483 149 ’

192 282 362 361 milit,
384 300 447 345 tu
464 287 535 346 ab
548 303 658 346 avo
674 281 974 346 abduxisti.
957 284 1122 346 ·ille
1107 305 1399 366 incorrup—

195 388 317 434 tum
332 372 519 432 audire
536 370 743 447 noluit,
770 388 829 432 tu
848 371 1172 454 corrupisti.
1195 373 1287 432 ilie
1303 373 1400 434 ad·

188 460 443 540 jutorem
462 457 677 521 servum
701 473 900 520 contra
928 459 1215 528 dominum
1239 479 1403 540 repu-

194 547 395 623 dinvit,
418 561 481 605 tu
504 548 668 606 etiam
692 545 1060 608 accusatorem
1089 545 1399 609 adhibuisti.

196 648 261 696 at
274 631 437 694 semel
453 632 548 692 iste
568 629 643 692 est
664 649 962 715 corruptus
979 654 1012 694 a
1033 635 1226 694 vobis?
1253 654 1402 694 non-

199 741 295 795 ne,
325 739 451 782 cum
483 717 611 781 ell'et
638 719 962 802 productus,
991 737 1048 782 et
1071 741 1196 783 cum
1220 735 1402 782 tecum

188 805 401 882 sufflet,
420 806 625 886 refugit
654 808 723 867 ad
754 807 994 886 legatos?
1021 828 1216 869 nonne
1237 809 1406 868 etiam

194 893 269 954 ad
298 895 449 952 hunc
488 901 599 954 Cn.
618 897 932 956 Domitium
961 896 1146 956 venit?
1189 915 1407 971 nonne,

194 979 453 1040 audiente
484 983 596 1039 hoc
628 987 781 1041 Serv.
808 981 1076 1060 Sulpicio,
1119 980 1304 1042 clarrss'
1310 1001 1405 1041 mo

197 1067 351 1142 vito,
382 1068 478 1144 qui
494 1080 613 1126 tum
628 1065 753 1128 casu
777 1069 922 1147 apud
947 1069 1259 1129 Domitium
1277 1087 1404 1126 coe·

196 1154 389 1229 nabat,
404 1168 461 1214 et
475 1155 583 1212 hoc
600 1159 681 1214 T.
700 1156 1246 1234 Torquat0,0ptim0
1270 1141 1406 1213 ado·

194 1236 456 1312 lescente‚
472 1238 528 1298 se
539 1259 573 1298 a
587 1241 1117 1319 tecorruptum,tuis
1133 1239 1403 1320 promiffis

66 1333 87 1348 “
196 1326 262 1385 in
285 1325 531 1387 fraudem
548 1323 839 1408 Impulsum
856 1324 962 1385 effe
989 1325 1266 1386 confessus
1295 1324 1402 1385 est?

116 1427 169 1465 12
200 1419 356 1488 Quae
384 1411 569 1472 estista
596 1427 709 1473 tam
735 1413 1050 1493 impudens,
1081 1429 1192 1472 tam
1209 1413 1403 1472 crude·

192 1498 289 1573 lis,
312 1513 426 1556 tam
448 1497 805 1556 immoderata
820 1500 1222 1557 inhumanitas?
1239 1497 1404 1558 idcir·

196 1604 269 1644 co
292 1586 353 1642 in
370 1585 515 1642 hanc
532 1586 720 1643 urbem
736 1583 954 1657 venisti,
984 1599 1048 1643 ut
1069 1585 1234 1661 hujus
1251 1585 1402 1644 urbis

189 1672 321 1750 jura
351 1685 407 1730 et
436 1669 685 1748 exempla
716 1691 1118 1751 corrumperes,
1148 1669 1401 1730 domesti-

196 1777 371 1837 caque
400 1756 742 1815 immanitate
772 1758 1125 1836 inquinat-es?
1151 1772 1207 1816 at
1231 1760 1399 1837 quim

194 1860 355 1905 acute
371 1842 599 1903 collecta
614 1843 1403 1922 crimlna?BlesamiuS‚inquit‚

194 1931 349 2007 (ejus
362 1931 511 1989 enim
532 1929 783 2002 nomine,
802 1932 1000 2009 optimi
1025 1933 1399 2004 hominis,nec

195 2018 299 2076 tibi
328 2017 534 2093 ignoti,
572 2014 932 2075 maledicebat
960 2018 1092 2091 tibi)
1115 2015 1180 2074 ad
1214 2035 1398 2092 regem

196 2101 429 2164 scribere
452 2099 681 2175 solebat,
719 2116 776 2160 te
798 2105 857 2160 in
894 2101 1106 2160 invidia
1127 2099 1261 2160 effe:
1305 2117 1396 2180 ty·

194 2209 437 2249 rannum
464 2187 793 2247 existimarit
844 2187 1016 2247 statua
1055 2189 1202 2247 inter
1243 2207 1396 2265 reges

196 2273 395 2354 polita,‘
408 2274 625 2334 animos
640 2276 928 2336 hominum
945 2277 1297 2334 vehementer
1311 2273 1398 2334 of-

194 2359 412 2420 fensos:
431 2359 613 2440 plaudi
630 2360 729 2418 tibi
748 2381 866 2420 non
885 2359 1073 2425 solere.
1101 2381 1294 2420 nonne
1311 2362 1398 2420 in·

192 2443 641 2523 telligis,caesar,
656 2465 729 2504 ex
744 2448 973 2508 urbanis
995 2446 1399 2507 malevolorum

192 2531 553 2598 sermunculis
584 2534 715 2596 haec
754 2536 824 2595 ab
858 2533 972 2598 istis
1005 2531 1110 2596 effe
1140 2525 1396 2594 col-lecta?
