1717 3092
294 147 459 205 PRO
490 141 725 202 REGE
754 144 1263 222 DEJOTARO.
1321 161 1428 224 375

216 246 612 328 tempublicam
658 247 897 322 meritis,
943 268 1094 308 nunc
1132 263 1332 310 contra
1367 271 1430 312 a·

218 334 573 396 trociffimum
588 335 799 394 crimen
815 355 990 410 cogor
1005 333 1314 396 defendere.
1333 358 1428 398 ac·

212 420 382 494 cedit,
426 434 489 479 ut
518 418 894 481 accusatorum
924 419 1150 480 alterius
1187 422 1428 483 crudeli·

214 522 351 581 tate,
366 506 589 566 alterius
606 505 940 586 indignitate
959 511 1279 570 conturber.
1296 528 1424 570 cru-

212 593 355 662 delis
396 591 588 654 Castor
626 591 697 652 est
709 637 729 668 ,
776 615 850 653 nc
885 592 1062 654 dicam
1101 591 1427 660 sceleratum

214 695 275 742 et
303 681 553 760 impium,
590 681 688 760 qui
720 701 898 761 nepos
939 701 1102 741 avum
1135 683 1196 740 in
1232 679 1422 742 discri-

213 787 343 830 men
392 767 589 846 capitis
626 765 952 838 adduxerit,
997 766 1427 830 adolescentiae-

214 873 327 934 quc
342 851 465 912 suae
490 868 755 912 terrorem
786 852 1036 912 intulerit
1065 855 1297 933 ei‚cujus
1338 853 1422 914 se·

212 943 489 1002 nectutem
507 940 671 1013 tueri,
692 953 747 998 et
770 955 950 1018 tegere
973 939 1202 1000 debebat
1222 963 1238 999 ε
1265 961 1423 1002 com·

205 1023 735 1104 mendationemque
750 1026 996 1084 ineuntis
1013 1027 1206 1092 aetatis
1225 1029 1291 1087 ab
1315 1029 1424 1090 im·

212 1115 441 1191 pietate,
470 1127 527 1170 et
558 1109 749 1170 scelere
780 1111 1030 1172 duxerit:
1057 1114 1147 1171 avi
1185 1110 1422 1190 servum,

214 1214 539 1276 corruptum
560 1201 836 1276 praemiis,
854 1197 924 1256 ad
940 1197 1299 1259 accusandum
1316 1200 1421 1260 do-

214 1287 431 1348 minum
450 1284 845 1361 impuleritssta
859 1283 1167 1362 legatorum
1192 1287 1424 1364 pedibus

214 1371 525 1432 abduxerit.
572 1368 797 1448 fugitivi
818 1385 1002 1430 autem
1026 1371 1314 1432 dominum
1329 1392 1424 1434 ac-

217 1455 478 1530 cusantis,
518 1471 573 1514 et
606 1456 894 1515 dominum
919 1457 1216 1532 absentem,
1237 1475 1296 1517 et
1315 1458 1422 1518 do-

216 1545 433 1606 minum
456 1541 819 1602 amimffimum
842 1542 1053 1600 nostrae
1072 1543 1426 1622 reipublicae,

212 1651 343 1692 cum
366 1649 431 1688 os
466 1627 743 1701 videbam,
768 1648 894 1688 cum
925 1630 1092 1688 verba
1113 1629 1430 1704 audiebam,

214 1736 339 1776 non
363 1731 475 1774 tam
504 1711 749 1774 afflictam
792 1715 996 1790 regiam
1034 1715 1424 1792 conditionem

214 1801 495 1874 dolebam,
540 1821 707 1876 quam
736 1799 803 1860 de
840 1799 1084 1860 fortunis
1106 1803 1420 1864 communi-

216 1889 319 1950 bus
336 1883 769 1946 extimescebam.
817 1906 971 1963 nam,
993 1909 1118 1948 cum
1134 1909 1286 1968 more
1303 1910 1422 1950 ma-

210 1975 401 2052 jorum
417 1973 483 2034 de
500 1971 655 2033 servo
672 1975 735 2034 in
751 1971 1065 2047 dominum,
1087 1996 1158 2034 ne
1176 1991 1420 2036 termene·

218 2059 549 2141 tisquidem,
577 2061 765 2140 quaeri
794 2057 958 2120 liceat
975 2083 992 2118 ε
1021 2061 1082 2120 in
1105 2081 1218 2138 qua
1247 2080 1418 2138 quae-

216 2146 397 2208 stione
417 2145 580 2207 dolor
605 2167 791 2207 veram
808 2167 1004 2206 vocem
1023 2145 1218 2204 elicere
1233 2141 1427 2224 poffit,

211 2237 375 2296 etiam
390 2235 461 2294 ab
486 2234 668 2294 invito
684 2255 701 2292 ε
720 2249 962 2294 exortus
979 2231 1054 2292 est
1085 2229 1422 2311 sexvus,qui‚

213 2340 379 2400 quem
394 2322 453 2379 in
470 2320 659 2380 eculeo
678 2319 946 2400 appellare
965 2341 1082 2379 non
1099 2317 1422 2398 poffet,eum

172 2405 427 2470 2aecuset
457 2405 685 2467 solutus,
848 2409 1130 2466 Perturbat
1165 2427 1252 2466 me
1272 2447 1292 2479 ,
1337 2409 1427 2468 Co«

216 2492 437 2574 Caesar,
462 2496 629 2558 etiam
648 2491 784 2556 illud
820 2493 1128 2558 interdumz
1155 2491 1308 2576 quod
1334 2506 1421 2554 ta-
1505 2561 1512 2566 ,
