1717 3092
373 161 481 208 100
579 147 702 208 DE
751 147 1345 207 PROVINCIIS

369 247 1039 330 deridignitate-imperii,
1063 253 1181 332 quo
1204 252 1369 312 duces
1397 250 1579 314 effent

369 334 625 410 hostium,
667 337 927 414 Scipione
964 339 1359 417 triumphante,
1396 339 1577 412 ducti,

368 418 562 488 eodem
577 419 749 502 ipsum
765 421 1019 502 duci‘‚qui
1038 421 1435 503 triumphaffet?
1442 426 1577 503 quis

366 509 590 588 plenior
617 509 969 568 inimicorum
998 508 1105 569 suit
1127 514 1197 568 C.
1230 511 1457 569 Mario?
1498 515 1577 569 L.

372 593 613 668 crassus,
639 599 721 655 Μ.
739 600 996 654 Scaurus.
1022 593 1579 656 aliineinimiei?om-

369 701 472 740 nes
489 678 718 740 Metelli.
765 695 822 738 at
851 681 911 738 hi
932 701 1051 740 non
1074 679 1244 740 modo
1272 679 1431 740 illum
1458 682 1579 740 ini-

368 769 576 828 micum
589 785 662 824 ex
676 764 855 824 Gallia
886 763 1173 826 sententiis
1193 765 1303 826 suis
1324 787 1449 826 non
1476 767 1579 826 de-

369 855 682 926 trahebant,
709 847 796 910 sed
817 867 873 910 et
890 867 1117 932 propter
1131 852 1404 912 rationem
1434 852 1579 912 Gal-

367 939 460 999 lici
475 937 624 1012 belli,
645 937 991 1016 provinciam
1012 953 1171 998 extra
1200 937 1453 997 ordinem
1478 937 1587 997 de·
1709 954 1710 1010 Τ

367 1026 690 1086 cernebant.
735 1019 938 1090 bellum
968 1025 1027 1082 in
1058 1021 1242 1082 Gallia
1266 1026 1583 1085 maximum

367 1110 576 1190 gestum
591 1106 685 1168 est:
697 1107 943 1172 domitae
959 1107 1085 1168 sunt
1098 1129 1133 1168 a
1150 1107 1379 1169 Caesare
1390 1112 1581 1169 maizi-

367 1216 491 1259 mae
505 1196 782 1268 nat-iones,
795 1191 887 1253 sed
901 1194 1152 1256 nondum
1168 1195 1405 1272 legibus,
1418 1215 1581 1256 non-

366 1282 501 1344 dum
517 1283 642 1359 jure
655 1295 840 1354 certo,
880 1281 1129 1342 nondum
1150 1280 1279 1342 satis
1300 1279 1459 1342 firma
1474 1301 1581 1362 pu-

370 1390 435 1438 ce
450 1367 754 1428 devinctae.
800 1365 1005 1426 bellum
1025 1365 1277 1428 affectum
1294 1365 1583 1441 videmus,

369 1469 454 1530 et,
473 1473 604 1514 vere
631 1468 694 1513 ut
709 1451 910 1526 dicam,
942 1455 1085 1533 pene
1116 1454 1425 1514 eonfefium
1442 1459 1471 1514 ε’
1484 1452 1587 1514 sed

369 1544 474 1614 ita,
496 1554 582 1612 ut,
603 1538 642 1598 fi
657 1537 800 1598 idem
815 1553 1059 1602 extrema
1092 1538 1455 1619 persequitur,
1478 1541 1589 1620 qui
1713 1599 1714 1614 ἒ

371 1624 804 1701 inchoavinjam
823 1627 1014 1684 omnia
1024 1623 1585 1704 perfefiavideamuz.

373 1710 416 1772 fi
444 1710 776 1772 succeditur:
818 1711 1123 1788 periculum
1150 1709 1237 1786 fit,
1268 1732 1341 1771 ne
1366 1709 1586 1770 instan-

372 1813 522 1858 ratas
549 1795 771 1856 maximi
794 1795 922 1856 belli
945 1796 1224 1876 reliquiaS,
1244 1818 1309 1858 ac
1338 1817 1593 1857 renova-

375 1899 464 1948 tas
487 1883 788 1944 audiamus·
835 1901 973 1960 ergo
1002 1903 1107 1960 ego
1123 1881 1364 1956 senator,
1384 1884 1591 1944 inimi·

375 1990 500 2044 cus,
521 1969 562 2028 fi
591 1970 671 2028 ita
704 1967 899 2043 vultis,
920 1970 1169 2042 homini3
1214 1971 1417 2028 amicus
1448 1966 1593 2046 effe,

374 2053 512 2116 ficut
528 2053 732 2135 semper
749 2052 849 2127 fui,
868 2053 1195 2133 reipublicae
1206 2054 1397 2116 debeo.
1416 2049 1597 2133 quid,

375 2139 419 2200 st
449 2140 591 2221 ipsas
620 2140 939 2198 inimicitias
980 2138 1209 2220 depono
1248 2141 1597 2221 reipublicae

373 2224 559 2300 eausa?
572 2227 697 2303 quis
711 2243 800 2284 me
816 2223 1035 2286 tandem
1045 2226 1173 2302 jure
1188 2225 1594 2305 reprehendat?

377 2309 690 2386 praesertim
728 2331 854 2370 cum
890 2331 996 2388 ego
1032 2313 1285 2372 oxnnium
1328 2330 1597 2375 meorum

377 2392 732 2452 confiliorum
750 2437 769 2467 ,
813 2411 981 2475 atque
1024 2394 1295 2458 factorum
1330 2398 1601 2476 exempla

377 2475 586 2556 ssmper
623 2497 696 2539 ex
729 2477 1066 2544 summorum
1100 2485 1393 2546 hominum
1428 2483 1603 2548 fietis
