1717 3092
372 171 438 228 C.
480 169 667 227 ΗΑΒ.
705 167 1153 226 POSTUMO.
1206 148 1215 153 “
1259 181 1369 247 309

160 283 371 348 autem,
416 287 473 332 et
511 270 787 332 credendo
822 269 1074 351 processit
1109 270 1328 348 longius
1356 296 1373 334 ε

161 378 270 416 nec
293 356 441 418 suam
479 356 653 417 solum
678 359 968 438 pecuniam
992 357 1242 432 credidit,
1279 356 1372 419 sed

160 445 331 504 etiam
354 446 686 504 amicorum:
710 443 904 503 stulte}
929 445 1054 523 quis
1079 445 1376 522 negat?aut

168 531 428 610 quiajam
446 551 565 590 non
582 530 874 590 admonet?
901 530 1053 609 quod
1073 532 1218 590 male
1235 533 1375 591 ceci-

109 638 139 683 3
172 617 282 690 dit,
300 618 443 676 bene
480 614 789 678 consultum
827 631 1068 697 putares,
1202 617 1268 677 Id
1299 617 1376 678 est

170 702 414 780 difficile,
436 704 591 784 quod
612 725 737 764 cum
754 701 843 783 spe
859 725 1060 782 magna
1082 701 1148 762 fis
1164 703 1375 782 ingres·

168 789 285 863 sua,
307 790 365 849 id
383 812 499 850 non
522 793 722 868 exequi
744 788 915 870 usque
945 791 1010 849 ad
1035 805 1374 852 extremum.

168 875 403 955 supplex
425 892 541 936 erat
557 897 687 954 rex:
715 876 888 935 multa
903 879 1160 952 rogabat:
1185 880 1376 937 omnia

170 962 565 1044 pollicebatur:
590 977 651 1022 ut
668 963 786 1040 jam
816 979 1062 1022 metuere
1089 961 1374 1023 Postumus

168 1065 483 1127 cogeretur,
512 1070 607 1124 ne,
636 1049 787 1128 quod
814 1048 1142 1122 crediderat,
1181 1048 1374 1129 perde-

170 1151 281 1210 ret,
307 1135 343 1195 fi
359 1135 617 1196 credendi
630 1133 992 1195 constituissiet
1011 1134 1258 1195 modum.
1285 1137 1376 1194 ni·

172 1222 257 1284 hil
272 1238 453 1282 autem
468 1237 587 1281 erat
601 1221 703 1280 illo
717 1221 1140 1296 blandiusmihfl
1157 1225 1264 1282 hoc
1279 1224 1376 1281 be·

172 1310 438 1387 nigniust
478 1323 541 1368 ut
562 1309 738 1385 magis
762 1311 1086 1389 poeniteret
1122 1307 1376 1390 coepiffir,

168 1415 339 1473 quam
356 1396 545 1457 liceret
566 1395 827 1456 desistere.
876 1398 1008 1456 hinc
1024 1396 1259 1475 primum
1275 1415 1375 1454 ex-

172 1484 355 1540 oritur
370 1486 577 1541 crimen
595 1481 761 1540 illud:
792 1480 1037 1539 senatum
1055 1496 1376 1560 corruptum

171 1565 509 1628 ess'edicunt.
559 1567 599 1625 ὁ
618 1565 695 1624 dii
724 1566 1092 1624 immortales!
1145 1569 1277 1624 haec
1301 1566 1378 1628 est

170 1653 267 1712 illa
294 1655 559 1734 exoptata
575 1651 912 1729 judiciorum
941 1650 1226 1711 severitas?
1252 1673 1378 1712 cor-

172 1755 435 1818 ruptores
457 1737 625 1798 nostri
644 1735 855 1797 causam
871 1733 1094 1797 dicuin:
1122 1759 1252 1813 noa,
1281 1742 1382 1819 qui

176 1828 427 1904 corrupti
453 1821 657 1898 sumna,
692 1845 809 1883 non
832 1823 1085 1886 dicimus.
1135 1825 1270 1904 quid
1293 1846 1382 1884 er·

176 1915 281 1990 go?
328 1911 570 1972 senatum
588 1911 873 1971 defendam
913 1916 1020 1972 hoc
1046 1912 1200 1987 iem,
1225 1913 1384 1988 Judi-

179 2001 301 2059 ces?
330 2002 485 2058 omni
517 1997 771 2078 equidem
804 1998 934 2057 loco
961 1998 1168 2057 debeo:
1201 2000 1279 2055 ita
1311 1998 1381 2056 de

176 2105 268 2144 me
282 2085 355 2145 est
370 2089 599 2145 meritus
616 2083 705 2143 iile
722 2085 886 2143 ordo:
905 2083 992 2141 sed
1011 2083 1065 2140 id
1083 2103 1183 2142 nec
1199 2085 1382 2160 agitur

177 2175 290 2232 hoc
304 2188 575 2252 tempore,
598 2191 702 2231 nec
716 2191 843 2230 cum
863 2167 1100 2228 Postumi
1122 2167 1278 2228 causa
1294 2189 1382 2229 res

176 2257 275 2320 ista
289 2259 589 2336 conjuncta
618 2257 711 2316 est.
760 2274 1077 2335 quanquam
1109 2255 1176 2314 ad
1199 2254 1381 2335 sump-

180 2363 302 2406 tum
318 2346 624 2417 itineri8,ad
642 2343 788 2402 illam
805 2340 1266 2419 magnificentiam
1285 2363 1383 2422 ap·

180 2447 375 2514 paratu
384 2452 407 2489 s
413 2473 431 2504 ‚
451 2432 888 2509 comitatumque
911 2421 1113 2504 regium
1131 2426 1384 2508 suppedi-

182 2534 299 2578 tata
312 2520 545 2599 pecunia
560 2539 591 2578 a
608 2515 864 2581 Postumo
876 2514 1254 2596 est,fa&aeque
1263 2512 1386 2594 syn-
