1717 3092
378 144 493 222 296
706 143 1256 202 ORATIO

378 247 701 310 satellitibus
716 253 844 307 Sex.
867 244 1070 306 Clodio
1085 246 1250 322 duce,
1271 245 1494 308 curiam
1509 251 1598 310 in-

372 335 647 398 cenderit?
676 332 945 416 quo·quid
979 331 1250 410 miserius,
1275 334 1418 411 quid
1445 357 1598 396 acer-

375 425 527 498 bins,
548 421 681 502 quid
696 418 989 480 luetuofius
1011 419 1286 478 vidimus?
1323 422 1600 500 templum

372 507 701 583 sanctitatis,
725 505 1128 586 amplitudinis,
1157 507 1390 582 mentis,
1415 507 1600 568 confi-

370 595 435 658 lii
464 594 692 674 publici,
722 607 888 674 caput
917 594 1093 667 urbis,
1119 613 1268 653 aram
1287 591 1599 671 sociorum,

372 696 599 762 portum
615 682 870 744 omnium
885 680 1158 757 gentium,
1177 677 1450 740 sedemab
1467 684 1595 742 uni-

372 765 535 830 verso
560 767 771 850 populo
815 773 1074 826 Romano
1134 764 1454 827 conceffam
1495 770 1598 827 uni

372 853 585 931 ordini,
607 855 962 928 inflammari,
985 852 1253 926 exscindi,
1278 851 1552 914 funestari
1571 855 1592 914 ἓ

371 960 555 1021 neque
592 939 651 1000 id
680 939 799 1000 fieri
836 961 869 999 a
907 939 1258 1000 multitudine
1295 941 1592 1020 imperita,

374 1047 697 1112 quanquam
721 1024 853 1086 effet
865 1021 1120 1086 mIsernm
1139 1025 1193 1086 id
1209 1025 1388 1105 ipsum
1394 1024 1514 1100 ,sed
1529 1030 1595 1088 ab

375 1133 495 1176 uno
508 1137 527 1176 z
555 1116 798 1194 quicum
820 1127 1037 1174 tantum
1055 1111 1213 1172 ausus
1227 1110 1294 1172 fit
1309 1113 1470 1174 ultor
1493 1136 1595 1195 pro

375 1216 629 1276 mortuo,
658 1199 795 1280 quid
808 1197 1028 1280 fignifer
1043 1221 1148 1280 pro
1162 1201 1296 1259 vivo
1313 1220 1444 1260 non
1467 1199 1596 1262 esset

374 1284 568 1346 ausus?
600 1289 663 1347 in
689 1289 901 1360 curiam
923 1286 1246 1368 potissimum
1269 1287 1503 1365 abjecit,
1530 1303 1592 1348 ut

371 1392 495 1434 enm
512 1389 765 1434 mortuus
783 1373 1128 1450 incenderet,
1149 1392 1318 1452 quam
1347 1376 1521 1435 vivus
1535 1394 1590 1432 e·

374 1475 643 1521 verterat.
692 1475 749 1520 et
772 1457 900 1519 sunt
922 1459 1112 1540 quide
1135 1461 1229 1520 via
1249 1462 1438 1538 Appia
1457 1481 1590 1541 que·

370 1562 597 1622 rantur,
612 1562 835 1608 taceant
852 1546 922 1608 de
935 1546 1176 1608 curiaiet
1189 1547 1289 1626 qui
1306 1548 1378 1606 ab
1393 1569 1468 1608 eo
1483 1548 1586 1628 spi·

375 1649 537 1696 tante
552 1634 733 1694 forum
750 1649 950 1713 putent
969 1631 1202 1714 potniffe
1219 1631 1476 1709 defendi,
1499 1654 1589 1696 cu·

367 1721 470 1802 jus
486 1740 607 1782 non
629 1719 878 1780 restiterit
900 1719 1149 1783 cadaveri
1173 1719 1350 1778 curia?
1379 1723 1590 1782 excita-

373 1822 458 1882 te,
486 1809 721 1870 excitate
750 1828 900 1884 eum,
923 1805 962 1866 fi
981 1805 1236 1887 potestis,
1263 1806 1332 1864 ab
1365 1807 1588 1868 inferis.

370 1888 641 1970 frangetis
672 1896 940 1974 impetum
965 1892 1104 1966 vivi,
1127 1891 1286 1968 cujus
1317 1895 1421 1952 vix
1439 1891 1590 1953 susti-

373 1980 521 2040 netis
539 1977 705 2039 furias
726 1977 1012 2060 insepulti?
1046 1977 1146 2038 nili
1162 1998 1297 2038 vero
1313 1975 1588 2040 sustinuis-

375 2067 453 2128 tis
469 2086 589 2143 eos,
604 2066 842 2146 quicum
858 2065 1068 2126 facibus
1085 2064 1152 2124 ad
1169 2060 1376 2124 curiam'
1391 2086 1588 2126 cucur-

373 2168 589 2228 rerunt,
601 2143 726 2213 cuin
741 2151 952 2213 facibus
971 2151 1041 2212 ad
1059 2148 1454 2225 Castoris,cum
1470 2151 1586 2228 gla-

370 2239 479 2302 diis
503 2255 628 2300 toto
660 2237 789 2298 foro
821 2239 1155 2300 volitarunt.
1203 2235 1356 2296 caedi
1377 2237 1587 2298 vidistis

371 2324 641 2405 populum
667 2331 1004 2401 Romanum,
1025 2325 1360 2384 concionem
1389 2323 1590 2401 gladiis

368 2407 807 2482 disturbari,cum
824 2411 1102 2470 audiretur
1116 2407 1334 2470 filentio
1355 2417 1416 2470 M
1429 2416 1587 2470 ‚Cae-

372 2492 505 2571 lius,
528 2496 783 2558 tribunus
800 2496 1004 2578 plebis,
1029 2499 1119 2559 vir
1145 2511 1201 2558 et
1217 2497 1278 2558 in
1305 2496 1588 2579 republica
