1717 3092
361 157 438 216 80
685 159 1243 216 ORATIO

365 271 480 318 tam
505 256 772 338 quadrare
803 276 931 339 apte
950 258 1296 323 viderentur.
1342 259 1489 321 dicta
1500 257 1581 322 est

357 363 396 404 a
415 365 504 404 me
521 343 698 420 taust,
721 346 965 422 Judices,
982 361 1039 404 et
1052 363 1328 424 perorata.
1348 348 1473 424 jam
1486 349 1581 406 in-

359 430 630 507 telligitis,
663 446 937 511 quantum
952 431 1219 509 judicium
1238 431 1580 508 sustineatia,

359 532 570 594 quanta
608 535 696 575 res
732 515 799 575 fit
828 515 1111 576 commiffa
1150 519 1341 577 vobis·
1405 517 1475 576 de
1514 520 1577 578 vi

361 602 650 679 quaeritis.
685 621 826 679 quae
840 602 935 660 lex
949 600 1019 661 ad
1036 604 1351 682 imperium,
1374 602 1445 660 ad
1460 623 1578 661 ma-

355 684 632 764 jestatem,
655 688 724 746 ad
751 685 948 746 statum
980 690 1213 767 patriae,
1245 688 1317 747 ad
1346 686 1581 747 salutem

359 775 614 833 omnium
630 775 871 853 pertinet
888 795 904 831 =
930 793 1097 852 quam
1114 773 1289 850 legem
1305 781 1381 848 Q.
1400 778 1581 831 Catu-

359 857 450 918 lus
473 860 682 918 armata
711 857 1036 918 diffenfione
1053 860 1284 932 civium,
1316 858 1585 937 reipubli-

361 963 458 1004 cae
471 948 614 1022 pene
630 946 890 1004 extremis
900 945 1243 1024 temporibus
1254 943 1585 1020 tulitzquae·

363 1048 475 1107 que
495 1029 609 1105 lex,
645 1027 826 1088 sedata
865 1030 961 1088 illa
1002 1031 1221 1090 flamma
1256 1027 1584 1089 consulatus

363 1115 761 1190 mei‚fumantis
777 1115 1039 1193 reliquias
1056 1115 1470 1192 conjurationis
1486 1135 1586 1176 ex-

365 1202 560 1260 tinxit.
607 1204 708 1262 hac
723 1203 875 1260 enim
889 1200 1007 1278 lege
1024 1201 1200 1259 Caelii
1215 1197 1588 1260 adolescentia

365 1307 490 1348 non
508 1286 576 1346 ad
596 1285 923 1365 reipublicae
946 1283 1271 1366 poenas,sed
1294 1285 1365 1344 ad
1380 1285 1586 1346 mulie-

369 1374 446 1432 ris
463 1371 720 1432 libidines
737 1386 793 1430 et
808 1371 1029 1431 delicias
1047 1369 1381 1451 deposcitur.
1474 1378 1587 1432 At·
1613 1400 1666 1444 30
1703 1387 1704 1390 ’

367 1477 478 1536 que
492 1459 601 1516 hoc
615 1461 779 1518 etiam
793 1457 923 1518 loco
942 1463 1027 1518 M.
1052 1459 1325 1532 Camurti,
1345 1471 1403 1517 et
1420 1461 1493 1516 C.
1508 1463 1587 1518 E-

364 1543 515 1604 serni
529 1542 812 1604 damnatio
829 1542 1194 1623 praedicatur.
1214 1545 1254 1603 ὁ
1270 1543 1591 1604 stultitiam-

371 1651 444 1693 ne
460 1629 662 1706 dicam,
685 1651 757 1690 an
779 1627 1181 1710 impudentiam
1210 1627 1541 1706 singularem
1564 1633 1582 1689 Ξ

367 1713 672 1790 audetisne,
707 1735 834 1776 cum
866 1719 935 1776 ab
956 1735 1019 1774 ea
1049 1715 1275 1774 muliere
1312 1716 1587 1790 veniatis,

365 1801 546 1864 facere
560 1799 784 1860 istorum
800 1803 1090 1860 hominum
1106 1803 1453 1860 mentionem
1462 1801 1589 1859 ?au·

367 1885 576 1952 detisne
591 1887 832 1947 excitare
848 1888 991 1946 tanti
1008 1887 1200 1962 flagitii
1230 1887 1589 1960 memoriam,

365 1995 488 2038 non
502 1973 800 2032 extinfitam
816 1972 964 2032 illam
980 1972 1230 2051 quidem,
1260 1969 1351 2030 sed
1370 1969 1589 2048 repres-

364 2061 479 2122 sam
497 2056 786 2118 vetustate?
806 2077 923 2137 quo
942 2059 1090 2116 enim
1104 2056 1185 2114 illi
1200 2057 1591 2136 crimine,pec-

369 2161 607 2223 catoque
623 2142 932 2222 perierunt?
956 2160 1155 2221 nempe
1170 2141 1321 2222 quod
1336 2141 1593 2220 ejusdem

367 2231 613 2295 mulieris
629 2227 905 2303 dolorem,
934 2244 991 2287 et
1012 2227 1273 2304 injuriam
1304 2230 1591 2287 Vettiano

371 2313 581 2374 nefario
613 2312 742 2371 sunt
773 2312 959 2392 stupro
994 2309 1282 2392 persecuti.
1330 2331 1496 2390 ergo,
1528 2330 1593 2372 ut

373 2398 651 2456 audiretur
667 2399 845 2455 Vettii
865 2417 1071 2457 nomen
1102 2399 1163 2454 in
1195 2395 1373 2472 causa,
1398 2415 1467 2456 ut
1496 2399 1595 2457 illa

375 2494 534 2542 vetus
551 2477 780 2542 Afrania
799 2480 983 2546 fabula
1010 2479 1383 2568 refricaretur,
1415 2483 1595 2548 idcit-

1702 1318 1704 1384 1
