1717 3092
455 201 625 262 pao
662 159 1051 262 Mtnoum
1247 203 1356 278 ,ες

148 308 280 367 lacu
304 305 485 366 Prelio
516 305 801 382 venderet,
842 299 1068 388 repente
1097 306 1364 369 lintribus

137 397 219 454 -in
243 413 365 454 eam
402 392 633 454 insulam
654 396 959 468 materiam,
991 393 1214 470 calcem,
1243 414 1366 456 cae·

153 483 351 542 menta
366 495 531 560 atque
554 501 773 540 arenam
790 483 1076 557 convexit,
1098 480 1362 542 domino·

157 585 273 646 que
297 581 451 626 trans
470 569 644 645 ripam
660 566 996 648 inspectante
1013 589 1131 627 non
1147 567 1366 629 dubita·

157 655 249 713 vit
280 652 582 738 aedificium
616 670 874 714 extruere
901 655 961 714 in
992 653 1218 715 alieno?
1263 654 1364 736 qui

160 740 297 799 huic
316 745 395 798 T.
416 739 699 816 Furfanio,
721 744 812 800 cui
840 741 1008 802 viro?
1041 741 1118 802 dii
1141 745 1367 802 immor·

159 823 497 904 tales!(quid
514 828 660 886 enim
671 847 773 904 ego
788 827 855 887 de
871 827 1186 890 muliercula
1195 836 1365 890 Scan-

160 913 273 972 tia?
300 912 433 994 quid
454 911 523 972 de
538 912 880 974 adolescente
897 916 1125 994 Aponio
1139 915 1318 978 dicam
1338 915 1362 976 ἓ

160 1018 405 1078 quorum
435 1001 655 1080 utrique
677 1015 915 1059 mortem
938 997 1014 1060 est
1043 1002 1327 1061 minitatus
1345 1041 1370 1076 ,

160 1083 266 1146 nifi
282 1083 375 1145 fibi
390 1089 683 1146 hortorum
698 1083 1015 1165 poffessione
1033 1085 1368 1164 cessiss'et)sed

160 1170 322 1232 ausus
340 1171 414 1232 est
431 1173 696 1232 Furfanio
720 1171 923 1248 dicere,
957 1171 997 1232 fi
1014 1171 1108 1232 fibi
1140 1174 1368 1253 pecuni-

166 1257 281 1335 am,
305 1274 571 1338 quantam
596 1256 944 1338 poposcerat,
985 1280 1106 1320 non
1127 1259 1371 1338 dediss'et,

162 1361 448 1408 mortuum
488 1345 541 1406 se
564 1347 623 1406 in
648 1345 878 1406 domum
899 1346 1019 1425 ejus
1050 1347 1330 1408 illaturum
1347 1370 1368 1408 ε

162 1451 281 1512 qua
308 1432 519 1493 invidia
546 1435 673 1493 huic
702 1431 829 1492 esset
863 1433 972 1492 tali'
995 1437 1120 1496 viro
1158 1435 1371 1496 confla·

166 1517 474 1596 grandnm:
499 1519 595 1598 qui
627 1520 870 1600 App1um
899 1518 1147 1596 fratrem,
1185 1521 1370 1580 homi-

162 1623 296 1665 nem
312 1605 445 1679 mihi
462 1606 817 1681 conjunctum
828 1604 1069 1665 fidissima
1078 1607 1250 1684 gratia
1255 1609 1372 1684 ,abs-

160 1687 379 1750 sentem
402 1690 469 1748 de
490 1689 804 1771 poss'effione
829 1691 988 1751 fundi
1017 1691 1246 1770 dejecit:
1273 1695 1371 1772 qui

162 1777 429 1858 parietem
440 1774 515 1836 fic
526 1797 629 1856 -per
642 1775 971 1838 ⁴vestibulum
986 1776 1193 1840 sororis
1215 1779 1370 1840 insti-

162 1864 279 1922 tuit
299 1861 517 1938 ducere,
534 1861 605 1925 fic
623 1883 780 1942 agere
796 1863 1182 1941 fundamenta,
1205 1883 1268 1926 ut
1283 1865 1372 1926 soff·

162 1969 351 2010 rorem
372 1970 495 2010 non
510 1949 684 2011 modo
709 1947 972 2012 vestibulo
986 1954 1252 2031 privaret,
1277 1951 1373 2020 sed

88 2029 149 2076 2⁸
160 2037 325 2096 omni
340 2035 489 2097 aditu
494 2055 573 2114 ,et
586 2037 796 2098 limine.
890 2045 1222 2117 Quanquam
1237 2041 1374 2100 baec

162 2119 387 2202 quidem
410 2124 531 2201 jam
558 2124 872 2184 tolerabilia
887 2122 1220 2184 videbantur
1235 2145 1253 2182 ι
1277 2123 1372 2190 etfi

164 2209 529 2288 aequabiliter
559 2212 621 2270 in
645 2206 1064 2289 rempublicam,
1099 2211 1161 2268 in
1183 2213 1372 2289 priva-

161 2309 294 2369 tos;
322 2297 383 2355 in
419 2295 788 2379 longinquos,
809 2297 870 2352 in
902 2295 1282 2375 propinquos;
1309 2300 1371 2359 in

162 2380 403 2456 alienoS,
415 2381 618 2442 iri-suos
632 2382 875 2440 irruebat
892 2401 906 2437 ε
925 2377 1010 2440 sed
1031 2380 1211 2443 nescio
1229 2404 1372 2462 quo-

162 2464 339 2528 modo
353 2467 472 2544 jam
490 2467 588 2526 usu
612 2463 966 2540 obduruerat,
993 2481 1050 2525 et
1077 2470 1374 2547 percallue-

166 2553 512 2632 rat-civitatis
533 2552 870 2634 incredibilis
893 2555 1188 2641 patientiag
1229 2575 1372 2636 quae
