1717 3092
291 172 1155 233 CONSULARIBUS.
1262 174 1339 253 89

139 276 308 352 Syria,
332 291 392 334 et
406 271 768 336 Macedonia:
791 293 955 354 quas,
970 275 1341 342 voffirimiitic
1466 325 1477 336 .

137 362 492 442 etoppreffis‚
513 359 745 439 pestiferi
773 361 854 420 illi
884 359 1139 420 consules
1162 382 1343 441 proe-

135 445 318 506 versae
367 445 699 526 reipublicae
737 449 991 526 praemiis
1034 467 1341 528 occupave-

131 546 292 592 runt:
339 532 716 592 decernendae
737 534 901 592 nobis
916 529 1043 593 sunt
1055 534 1173 610 lege
1188 541 1337 594 Sem·

115 620 336 694 .pronia
349 617 512 678 dnae.
559 615 694 695 quid
709 617 806 692 est,
829 617 983 696 quod
1000 620 1252 697 possimns
1268 617 1339 680 de

125 705 307 780 Syria,
347 702 788 782 Macedoniaque
817 701 1113 762 dubitare?
1144 707 1335 780 mitto,

123 788 282 866 qnod
299 807 398 847 eas
419 790 499 848 ita
519 804 706 867 partas
735 790 957 870 haberit·
977 790 1039 862 ii,
1062 792 1159 869 qui
1180 811 1335 851 nunc

119 875 416 946 obtinent,
445 887 510 932 ut
531 895 650 932 non
673 887 804 934 ante
831 876 1141 950 attigerint,
1164 892 1331 954 qnam

117 960 274 1018 hunc
291 959 550 1020 ordinem
564 959 1011 1020 condemnarinn
1028 981 1195 1040 quam
1208 979 1333 1024 aue-

116 1045 414 1106 toritatem
441 1044 669 1105 vestram
693 1065 724 1104 e
745 1047 973 1106 civitate
999 1049 1331 1108 extermina·

113 1131 238 1206 rint
251 1151 270 1189 ε
297 1149 468 1208 quam
481 1129 644 1190 fidem
660 1131 1121 1211 publicam,quam
1136 1151 1331 1212 perpe-

111 1230 274 1274 tuam
291 1215 485 1294 populi
505 1219 746 1276 Romani
760 1214 1009 1292 salutem,
1032 1237 1195 1296 qnam
1215 1237 1329 1294 me,

109 1321 180 1361 ac
197 1319 358 1360 meos
389 1317 584 1362 ornnes
615 1301 930 1377 soediffime,
952 1303 1327 1364 crudeliffime-

107 1406 226 1465 que
237 1389 527 1448 vexarint.
575 1389 766 1448 omnia
781 1385 1071 1448 domestica
1100 1389 1216 1463 illa,
1239 1403 1325 1450 at·

108 1489 228 1552 que
255 1475 468 1534 urbana
501 1475 703 1546 mitt03
739 1495 881 1554 quae
902 1489 1061 1537 tanta
1088 1474 1239 1550 sunt,
1261 1489 1327 1536 ut

105 1577 408 1638 nunquam
427 1559 670 1620 Annibal
683 1563 812 1620 huic
825 1563 952 1620 urbi
968 1574 1181 1620 tantum
1196 1560 1329 1620 mali

107 1646 351 1724 optarit,
375 1659 644 1723 quantum
663 1643 1059 1707 illieffccerint.
1095 1647 1167 1706 ad
1184 1644 1325 1726 ipsas

104 1732 290 1790 venio
317 1731 660 1808 provincias.
707 1751 939 1808 quarum
970 1733 1323 1808 Macedonia,

103 1835 256 1894 quae
278 1830 396 1874 erat
417 1831 578 1876 antea
604 1809 818 1876 munita
842 1818 1205 1897 plurimorum
1218 1819 1320 1878 im-

105 1917 426 1980 peratorum
459 1921 576 1962 non
608 1904 872 1978 turribus,
916 1901 1007 1962 sed
1039 1906 1279 1984 tropaeis
1294 1926 1319 1978 ς

105 2005 256 2066 quac
267 1986 458 2046 multis
473 1988 722 2047 victoriis
735 2004 853 2048 erat
868 1987 1104 2066 jamdiu,
1128 1990 1321 2050 trium-

105 2069 342 2152 phisque
357 2087 548 2152 pacata
561 2095 579 2145 3
599 2071 670 2131 fic
687 2093 718 2132 a
731 2077 1011 2148 Barbaria,
1026 2076 1226 2152 quibus
1242 2073 1319 2135 est

104 2173 342 2236 propter
363 2161 654 2218 avaritiam
685 2179 798 2238 pax
825 2175 1039 2238 erepta,
1060 2175 1317 2236 vexatur,

105 2258 170 2302 ut
186 2239 715 2318 Thessalonicenses,
739 2244 899 2322 pofiti
914 2247 975 2302 in
990 2246 1197 2321 gremio
1212 2247 1319 2306 im-

103 2330 248 2408 perii
269 2327 467 2402 nostri,
489 2329 800 2407 relinquere
827 2329 1118 2409 oppidum,
1142 2345 1198 2390 et
1220 2350 1309 2390 ar-

69 2451 78 2470 ,
105 2433 224 2472 cem
240 2415 460 2473 munire
475 2428 774 2490 cogantur:
801 2431 864 2474 ut
882 2417 975 2475 via
988 2416 1077 2474 ina
1100 2416 1305 2489 nostra,

107 2518 247 2577 quae
261 2519 363 2580 per
381 2499 768 2592 Macedoniam
781 2499 856 2560 est
884 2499 1053 2583 usque
1084 2501 1157 2562 ad
1172 2502 1309 2564 Hei-
