1717 3092
417 170 587 228 PRo
617 167 1005 228 Mamm.
1213 187 1327 247 293

3 267 6 284 ²
127 271 241 333 lere
261 271 585 348 macularat,
614 271 918 351 aliquando
933 271 1004 332 ad
1019 291 1143 332 eum
1167 278 1334 354 puni·

128 358 335 418 endum
351 358 551 420 oculos
566 358 880 437 aperuistis:
901 361 1068 419 vobis
1082 359 1336 436 illae,vo·

129 446 215 504 bis
230 445 412 505 vestro
438 447 498 504 in
528 443 821 525 conspeetu
846 444 1018 519 serae,
1049 443 1138 508 sed
1156 446 1332 526 justae

131 545 339 606 tamen,
368 548 422 592 et
445 530 660 592 debitae
694 553 908 612 poenae
939 532 1144 594 solutae
1175 533 1326 594 sunt.

127 615 229 676 nifi
245 617 391 678 forte
404 621 513 678 hoc
532 620 693 679 etiam
711 617 833 679 casu
850 619 1052 680 fastum
1067 619 1172 682 effe
1185 621 1334 682 diee-

126 723 285 778 mus,
324 720 385 764 ut
420 720 551 765 ante
587 704 769 785 ipsum
805 704 1098 766 sacrarium
1142 715 1335 769 Bonae

126 789 287 865 deae,
310 791 462 869 quod
478 790 629 852 estin
652 791 831 852 fundo
846 799 930 853 T.
955 796 1126 854 Sextii
1159 795 1331 872 Galli,

124 880 189 938 in
207 878 400 957 primis
422 876 635 938 honesti
658 894 715 938 et
744 882 930 942 ornati
953 878 1340 959 adolescentis,

126 979 260 1023 ante
274 962 467 1040 ipsam,
496 967 749 1044 inquam,
774 972 990 1024 Bonam
1005 966 1183 1042 deam,
1210 988 1337 1030 cum

126 1050 393 1132 praelium
412 1050 777 1128 commifiss'et‚
800 1053 1038 1132 primum
1057 1051 1192 1112 illud
1216 1055 1340 1114 vul·

127 1157 239 1197 nus
266 1139 560 1218 acceperit,
582 1158 697 1217 quo
728 1141 1066 1198 teterrimam
1099 1155 1336 1201 mortem

125 1225 345 1284 obiret:
396 1239 461 1282 ut
508 1245 631 1284 non
668 1223 948 1284 absolutus
984 1224 1200 1304 judicio
1239 1226 1340 1287 illo

124 1309 345 1370 nefario
368 1308 667 1385 videretur,
694 1309 783 1372 sed
806 1310 878 1372 ad
903 1315 1044 1373 hanc
1066 1311 1335 1392 infignem

36 1419 97 1464 32
124 1415 369 1478 poenam
400 1396 727 1472 reservatus.
890 1405 1010 1460 Nec
1047 1421 1183 1460 vero
1215 1423 1338 1462 non

122 1481 319 1542 eadem
343 1485 427 1541 ‘ua
442 1483 669 1544 deorum
702 1487 851 1544 hanc
882 1483 1000 1562 ejus
1017 1483 1338 1546 satellitibus

120 1569 325 1646 injecit
341 1571 727 1642 amentiam,ut
739 1568 851 1630 fine
867 1570 1342 1648 imaginibus‚fine

115 1669 297 1717 cantu
322 1669 488 1733 atque
501 1653 668 1729 ludis,
700 1653 817 1714 fine
836 1658 1108 1735 exequiis,
1127 1655 1240 1717 fine
1252 1658 1356 1717 la·-

120 1743 359 1813 mentiz,
387 1738 501 1800 fine
518 1739 954 1818 laudationibus,
991 1741 1104 1802 fine
1124 1743 1356 1824 funere,-

121 1827 342 1892 oblitus
354 1847 552 1889 cruore
565 1844 626 1889 et
638 1827 784 1903 luto,
808 1827 1072 1909 spoliatus
1087 1831 1232 1892 illius
1249 1832 1338 1894 su·

128 1916 310 1998 premi
342 1915 449 1976 diei
475 1915 821 1991 celebritate„
839 1935 1006 1996 quam
1031 1919 1356 1980 concedere·

124 2003 293 2060 etiam
316 2002 521 2062 inimici
540 2001 737 2075 solent,
760 2004 1138 2064 ambureretur
1153 2006 1354 2082 abjec··

124 2103 245 2147 tus.
292 2107 413 2148 non
440 2087 595 2150 fuiss'e
624 2088 795 2148 credo
817 2088 901 2148 sas
924 2089 1358 2150 clariffimorum·

124 2176 379 2234 virorum
394 2173 601 2236 formas
624 2174 705 2233 illi
720 2177 1002 2234 teterrimo
1033 2176 1337 2254 parricidae
1351 2211 1357 2217 ·

124 2260 341 2340 aliquid
362 2260 579 2323 decoris
596 2257 811 2334 afferre,
844 2281 1024 2339 neque
1041 2259 1154 2320 ullo
1171 2263 1230 2320 in
1247 2262 1361 2322 lo·-

122 2367 201 2407 co
222 2349 410 2427 potius
434 2362 667 2406 mortem
684 2347 803 2424 ejus
818 2345 1068 2419 lacerari,
1093 2367 1256 2426 quam
1273 2352 1362 2411 in«
1449 2367 1456 2370 ·

123 2454 245 2512 quo
262 2435 380 2492 vita
394 2430 523 2492 effet
538 2432 815 2493 damnata.
868 2433 1004 2492 dura
1034 2436 1189 2508 mihi,
1217 2456 1356 2495 me·-

7 2529 9 2532 ,
120 2519 255 2586 dius
274 2518 591 2598 fidius,jam
611 2517 839 2685 ῑοὲυιέα
870 2519 1066 2626 popuii
1091 2522 1366 2581 Romanii
