1717 3092
342 139 1330 217 C.RAB.POSTUM0.31.3

122 266 241 330 que
256 243 459 322 vestro,
480 265 651 326 quam
666 243 811 305 ferre
824 241 1007 326 poffit.
1037 238 1214 326 serpet
1227 247 1338 306 hoc

126 331 337 397 malum
354 331 522 405 (mihi
536 319 771 408 credi'te)
786 331 1036 409 longius,
1051 350 1216 410 quam
1234 351 1342 410 pu-

75 430 107 476 7
100 417 791 494 tatis.1>otentiffimo
814 433 872 478 et
887 417 1216 478 nobilissimo
1239 420 1341 479 tri-

124 511 291 570 buno
312 503 511 586 plebis,
540 511 627 566 M.
646 502 855 582 Druso,
897 525 1066 566 unam
1088 508 1147 566 in
1171 525 1343 586 eque·

126 592 297 657 sttem
320 591 575 654 ordinem
602 591 972 672 'quaestionem
999 591 1221 670 ferenti,
1256 594 1279 626 ‘
1300 589 1344 654 Ε

128 681 153 716 ‘
177 681 311 760 quis
332 681 407 740 ob
424 694 539 740 rem
550 677 851 758 judicatam
867 682 1156 762 pecuniam
1171 678 1346 764 cepis-

131 769 155 804 ‘
172 766 300 829 set.’
315 782 501 846 aperte
514 769 734 846 equites
746 769 988 827 Romani
1005 767 1342 830 restiterunt

126 851 303 938 quid?
329 855 439 914 hoc
453 852 620 914 licere
638 853 936 914 volebant?
958 857 1217 916 minime.
1243 875 1346 916 ne·

134 961 254 1023 que
282 937 460 1000 solum
481 943 590 1000 hoc
618 959 798 1019 genus
834 943 1102 1021 pecuniae
1123 943 1348 1022 capien-
1363 974 1380 990 .

137 1031 245 1089 dae
269 1042 451 1107 turpe,
498 1025 589 1087 sed
618 1029 783 1088 etiam
808 1026 1078 1088 nefarium
1117 1031 1349 1089 arbitra·

138 1119 371 1178 bantur.
396 1127 639 1174 attamen
654 1116 734 1174 ita
754 1113 1128 1196 disputabant,
1151 1135 1249 1175 eos
1263 1131 1352 1175 te-

142 1202 272 1265 neri
292 1199 506 1278 legibus
544 1217 835 1282 oportere,
883 1204 982 1280 qui
1019 1199 1119 1260 suo
1135 1202 1354 1282 judicio

138 1287 323 1349 essimt
340 1286 493 1348 illam
506 1285 890 1348 conditionem
909 1290 1056 1348 vitae
1072 1287 1234 1350 secuti
1244 1290 1356 1351 ,de-

147 1377 317 1437 leetat
332 1373 683 1452 ampliffimus
708 1378 950 1436 civitatis
972 1376 1176 1453 gradus
1183 1421 1202 1453 ,
1225 1377 1355 1438 sella

144 1460 381 1536 curuli³‚
404 1458 594 1536 fasces,
616 1464 870 1542 imperia,
901 1464 1242 1543 provinciae,
1273 1461 1360 1523 sa·

150 1546 425 1622 cerdotia,
448 1549 734 1629 triumphi,
757 1547 996 1628 denique
1018 1550 1200 1627 imago
1225 1547 1360 1626 ipsa,

151 1635 227 1697 ad
242 1631 569 1714 posteritatis
586 1637 909 1694 memoriam
925 1634 1166 1716 prodita.
1195 1633 1269 1695 est
1291 1633 1360 1695 fi·

150 1721 275 1785 mul
291 1723 454 1780 etiam
469 1719 779 1782 sollicitudo
802 1723 1018 1801 aliqua‚·
1032 1737 1088 1781 et
1101 1722 1278 1800 legum
1284 1738 1364 1799 ,et

85 1835 93 1840 ·
143 1807 493 1890 judiciorum
530 1808 723 1886 major‘
747 1809 972 1887 quidam
1006 1827 1205 1870 metus·
1252 1824 1361 1872 no’s

152 1894 259 1956 ista
280 1913 563 1973 nunquam
601 1895 1051 1976 contempfimds‚
1074 1897 1181 1967 (ita
1210 1901 1362 1957 enim

151 1978 543 2060 disputabant)
573 1978 660 2040 sed
673 1987 819 2044 hanc
836 1985 1006 2043 vitam
1023 1984 1264 2061 quietam
1279 1997 1368 2042 at·-

158 2087 273 2148 que
288 2065 521 2128 otiosam
540 2066 709 2128 secuti
724 2069 928 2128 sumus·
975 2088 1140 2146 quae,
1161 2070 1370 2146 quoni-

160 2175 255 2218 am
272 2157 486 2216 honore
508 2169 678 2229 caret,
707 2170 890 2216 careat
918 2157 1082 2213 etiam
1099 2153 1366 2217 molestia.

162 2260 281 2305 tam
298 2261 357 2299 es
382 2257 439 2299 tu
466 2241 664 2318 judex,
688 2263 855 2322 quam
876 2263 984 2320 ego
1006 2239 1243 2301 senator.
1291 2246 1374 2303 ita.

164 2327 277 2390 este
304 2326 393 2387 sed
409 2344 467 2386 tu
504 2326 640 2387 istud
674 2329 892 2410 petiisti,
922 2349 1026 2406 ego
1043 2331 1149 2387 hoc
1173 2351 1368 2408 cogor„

130 2423 137 2428 '
163 2435 343 2496 qnare
368 2431 461 2474 aut
471 2414 649 2492 judici
670 2419 804 2481 mihi
822 2437 942 2475 non
959 2413 1062 2474 effe
1075 2415 1256 2492 liceat,
1279 2431 1378 2476 aut

172 2503 361 2581 legem
386 2502 506 2581 lege
532 2500 803 2576 senatoria
840 2523 960 2562 non
994 2505 1204 2572 timete.
1264 2507 1384 2564 hoo

728 2597 779 2651 O
831 2609 868 2652 2
