1717 3092
368 152 437 209 c,
474 151 669 210 RAB:
699 149 1146 210 POSTUMO.
1261 161 1370 226 3²⁷

132 303 142 310 .
166 250 477 337 profestum
517 252 912 316 Alexandriam
931 275 949 314 =
995 253 1038 314 fi
1074 248 1375 315 defensioni
1459 301 1466 308 .

168 343 397 405 Gabinii
421 340 585 402 fidem
611 361 735 403 non
748 346 914 402 habes
926 385 948 418 ,
969 335 1378 401 obliviscerisne

166 431 339 488 etiam
368 427 729 490 accusationis
752 429 907 488 tuae?
947 428 1217 488 Gabinius
1249 422 1302 483 se
1319 423 1379 484 id

168 512 352 576 feciffe
382 513 597 574 dicebat
638 516 964 594 reipublicae
985 515 1176 600 cnud,
1221 510 1380 591 quod

170 598 389 660 claffem
413 600 664 660 Archelai
687 603 926 676 timeret,
956 600 1114 682 quod
1129 619 1284 658 mare
1295 617 1382 658 re-

170 685 381 751 fertum
394 685 515 746 fore
530 685 874 766 praedonum
895 702 1134 768 putaret.
1180 686 1299 764 lege
1319 705 1382 745 e·

172 776 311 834 tiam
334 770 389 832 id
408 771 503 837 (ibi
530 771 737 833 licuiss'e
758 773 992 834 dicebat.
1041 789 1102 833 tn
1120 775 1382 833 inimicus

172 879 371 937 neges.
418 858 687 938 ignoscet
713 875 859 920 eteo
892 863 1096 940 magis,
1125 859 1278 939 quod
1307 857 1384 919 est

176 961 379 1010 contra
409 944 539 1006 illud
557 946 885 1023 judicatum.
935 947 1104 1006 redeo
1131 949 1299 1024 igitur
1313 943 1387 1006 ad

120 1038 155 1086 Β
176 1035 413 1108 crimen,
442 1049 499 1092 et
514 1031 921 1094 accusationem
937 1049 1110 1093 tuam.
1234 1029 1387 1107 Quid

180 1118 767 1194 vociferabare‚decem
790 1120 968 1181 millia
983 1119 1256 1178 talentum
1273 1125 1390 1180 Ga·

180 1207 343 1268 binio
359 1203 461 1264 ess'e
493 1204 795 1283 promiffa?
834 1209 964 1267 huic
984 1205 1240 1266 videlicet
1262 1225 1390 1286 per·-

180 1291 419 1352 blandus
436 1291 789 1370 reperiendus
804 1289 932 1369 fuit,
964 1294 1060 1373 qui
1085 1294 1390 1368 hominem,

182 1393 249 1438 ut
273 1392 335 1438 tu
350 1379 458 1452 vis,
480 1377 839 1440 avarissimum
858 1394 1140 1456 exoraret,
1164 1377 1393 1439 sesterti-

182 1466 283 1526 fim
304 1465 391 1522 bis
408 1463 605 1525 millies
618 1478 677 1522 et
690 1464 1140 1542 quadringenties
1155 1485 1392 1544 nemag-

184 1567 401 1628 nopere
416 1552 1090 1610 contemnet-&Gabinius
1101 1551 1398 1630 iilud,quo·

188 1655 311 1716 quo
330 1632 563 1695 confilio
575 1634 731 1708 fecit,
752 1635 884 1696 fecit
899 1651 1046 1697 certe
1059 1635 1178 1698 suo.
1225 1637 1396 1716 quae-

188 1741 414 1800 cunque
432 1739 593 1783 mens
614 1720 707 1778 illa
722 1719 846 1796 fuit,
879 1723 1241 1784 Gabiniifuit.
1288 1722 1400 1786 five

188 1806 309 1882 ille,
339 1823 401 1868 ut
416 1805 528 1886 ipse
540 1805 779 1883 dicebat,
807 1808 1072 1886 gloriam3
1098 1810 1226 1886 five,
1251 1825 1314 1872 nt
1333 1828 1397 1873 tu

190 1894 307 1967 vie,
332 1895 617 1973 pecuniam
654 1893 952 1972 quaefivit:
977 1897 1242 1977 quaesivit
1276 1896 1395 1958 fibi.

192 1999 332 2040 num
348 1982 571 2040 Gabinii
598 1999 807 2055 comes,
820 1983 912 2042 vel
928 1982 1184 2042 sectator?
1204 2000 1395 2060 negat.

192 2083 319 2126 non
334 2067 479 2126 enim
496 2066 567 2124 ad
584 2068 831 2142 Gabinii,
852 2070 1012 2147 cujus
1027 2068 1084 2126 id
1109 2072 1400 2145 negotium

194 2171 321 2212 non
334 2165 469 2227 erat,
488 2151 577 2212 sed
590 2151 661 2211 ad
678 2160 741 2212 P.
762 2154 1012 2228 Lentuli,
1027 2154 1296 2214 clariss'nni
1311 2156 1400 2215 vi-

193 2239 273 2312 ri,
294 2239 698 2312 auctoritatem,
730 2260 763 2296 a
785 2238 972 2300 senatu
993 2239 1312 2320 profectam,
1343 2257 1404 2303 et

200 2321 435 2384 consilio
446 2338 625 2398 certe,
636 2339 693 2384 et
710 2323 801 2404 spe
814 2347 936 2386 non
951 2328 1138 2400 dubia,
1165 2332 1403 2388 Romam

200 2408 587 2469 contenderat.
612 2425 669 2470 at
682 2411 956 2471 dioecetes
975 2412 1085 2472 fiait
1099 2413 1298 2490 regius.
1346 2429 1405 2474 et
1455 2437 1464 2444 ·

201 2493 429 2575 quidem
450 2495 514 2556 in
536 2494 779 2558 custodia
808 2500 974 2560 etiam
1003 2497 1110 2560 fuit
1143 2501 1322 2578 regia=
1345 2512 1404 2558 et
