1717 3092
295 186 927 270 coNsuLAM
958 187 1159 244 B'US.
1234 199 1337 246 rm

77 313 108 360 9
123 291 266 351 mihi
282 286 585 349 censuerim
601 287 858 369 petenda.
994 295 1089 348 An
1105 309 1237 349 vero
1254 293 1341 350 M.

125 373 226 436 ille
257 373 528 455 Lepidm,
548 377 646 454 qui
673 375 760 434 bis
789 372 981 434 consul
1010 390 1067 434 et
1090 373 1349 454 pontifex

126 463 414 524 maximus
439 459 568 534 fnit,
591 479 710 520 non
725 459 903 520 solum
926 462 1227 522 memoriae
1240 457 1345 518 tef-

129 548 405 620 timonio,
441 543 532 605 sed
556 547 722 604 etiam
745 547 1029 606 annalium
1065 546 1265 621 literis,
1286 561 1347 606 et

131 631 336 692 summi
365 634 566 710 poe-'tae
597 652 736 691 voce
763 630 1017 692 laudatus
1054 631 1151 706 est,
1194 627 1347 710 qudd

133 739 266 778 cum
300 723 386 776 M.
405 716 606 777 Fulvio
633 717 867 794 collega,
890 738 1005 796 qno
1033 717 1123 777 die
1150 715 1347 776 censor

132 803 212 864 est
225 801 424 877 faetus,
452 803 680 860 homine
700 803 1086 878 inimicissimO,
1110 805 1169 863 in
1192 823 1345 863 cam-

133 909 215 970 po
231 886 412 948 statim
425 886 588 948 rediit
603 889 664 947 in
687 890 947 966 gratiam,
970 905 1035 948 ut
1048 909 1343 950 commune

131 975 384 1036 officium
397 971 656 1035 censurae
669 977 953 1034 communi
968 978 1155 1035 animo
1171 997 1235 1035 ac
1244 995 1349 1036 vo·

133 1061 360 1122 luntate
395 1057 796 1120 defenderent?
829 1075 1019 1139 atque,
1042 1077 1105 1120 ut
1134 1076 1346 1136 vetera,

133 1166 286 1227 quae
317 1143 446 1204 sunt
467 1145 909 1218 innumerabilia,
930 1149 1177 1220 mittam
1220 1162 1349 1206 tuus

133 1232 598 1314 pater,Philippe,
620 1252 814 1293 nonne
827 1251 945 1290 uno
962 1247 1207 1312 tempore
1222 1253 1350 1292 cum

135 1317 252 1378 suis
281 1317 654 1378 inimiciffimis
671 1319 728 1376 in
746 1319 977 1394 gratiam
1008 1317 1197 1378 rediit?
1223 1321 1350 1397 qui·

137 1407 246 1465 bus
269 1423 395 1462 eum
431 1405 687 1462 omnibus
711 1403 899 1463 eadem
930 1401 1227 1485 respublica
1264 1423 1351 1464 re-

137 1487 489 1564 conciliavit,
512 1509 652 1568 quae
667 1490 949 1549 alienarat.
998 1490 1169 1549 multa
1192 1509 1351 1569 prae.-

139 1592 324 1648 tereo,
348 1575 502 1652 quod
533 1577 756 1634 intueor
786 1595 975 1635 coram
991 1578 1123 1634 haec
1138 1577 1351 1636 lumina

135 1677 312 1742 atque
326 1675 655 1720 ornamenta
676 1661 1021 1740 reipublicae,
1048 1667 1107 1719 P.
1126 1661 1349 1720 servili-

137 1767 264 1821 um,
289 1760 348 1805 et
361 1753 444 1806 M.
466 1746 792 1806 Lucullum:
819 1749 1031 1806 utinam
1069 1747 1231 1806 etiam
1271 1753 1343 1808 L.

135 1831 416 1894 Lucullus
443 1831 534 1890 ille
554 1835 789 1892 viveret!
819 1853 959 1912 quae
982 1831 1203 1891 fuerunt
1240 1834 1347 1892 ini·

136 1919 384 1980 micitiae
395 1919 680 1995 graviores
705 1919 764 1976 in
779 1920 1026 1990 civitate,
1050 1937 1212 1997 quam
1230 1925 1346 1978 Lu·

139 2002 416 2065 callorum
422 2046 442 2077 ,
463 2019 628 2082 atque
641 2003 1165 2081 Serviliorum3quas
1182 2006 1241 2063 in
1258 2005 1347 2064 vi·

140 2091 226 2149 τὶς
239 2087 538 2148 fortiffimis
553 2109 672 2148 non
685 2087 860 2148 solum
875 2091 1121 2148 extinxit
1134 2092 1354 2169 reipub-

137 2175 286 2235 licae
301 2174 566 2252 dignitas,
588 2191 644 2233 et
675 2172 941 2253 ipsorum,
965 2173 1053 2233 sed
1083 2177 1249 2233 etiam
1282 2175 1355 2237 ad

138 2260 442 2321 amicitiam
483 2257 1045 2338 consuetudinemque
1083 2259 1347 2322 traduxit.

139 2344 284 2425 qnid
292 2346 320 2403 ἓ·
345 2352 423 2418 Q.
441 2345 695 2404 Metellus
712 2350 926 2424 Nepos,
952 2365 1065 2403 non
1073 2367 1143 2404 ne
1158 2345 1351 2406 consul

141 2433 208 2492 in
225 2430 436 2509 templo
451 2433 610 2505 Jovis
629 2433 824 2508 optimi
854 2433 1104 2506 maximi,
1126 2453 1348 2510 permo-

143 2531 242 2578 tus
259 2535 388 2579 cum
402 2517 724 2580 austeritate
752 2514 949 2593 vestra,
968 2529 1091 2599 tum
1104 2517 1263 2596 iuius·
1281 2523 1368 2578 1³2..
