1717 3092
412 179 513 238 IN
547 181 619 236 L„
654 175 1074 236 PISONEM.
1255 188 1362 251 213

158 273 483 346 memoriani
508 280 912 362 apparatissiini,
941 274 1366 358 magnificentis-

157 369 383 448 fimique
396 367 531 442 ludi,
551 366 737 446 quales
754 387 874 427 non
889 365 1062 426 modo
1077 387 1365 446 nunquam

160 455 406 529 fuerunt,
448 452 539 513 fed
564 473 637 512 ne
674 454 960 532 quomodo
987 452 1106 512 fieri
1139 452 1367 534 quidem

161 539 385 622 posthac
398 539 621 620 poffint,
642 537 853 618 poffum
883 539 1001 599 ullo
1015 544 1176 618 patio
1199 537 1366 620 fixspi·

161 628 295 688 cari.
322 625 393 685 da
410 642 465 686 te
481 625 1007 707 popu10,committe
1020 626 1188 686 ludis.
1223 628 1366 686 Sibi·

160 712 276 773 lum
292 713 519 772 metuis?
544 713 639 771 ubi
664 711 791 772 sunt
811 709 1014 772 vestrae
1029 710 1268 773 stholae?
1292 733 1370 775 ne

161 798 519 860 acclametur?
538 818 611 857 ne
624 797 681 857 id
694 797 918 878 quidem
943 799 1016 858 est
1031 819 1220 859 curare
1240 803 1368 880 phi-

161 881 397 965 losophi.
443 903 641 944 manua
656 886 845 944 tibine
865 883 1166 945 afferantur
1179 887 1364 948 times.

160 971 327 1032 dolor
341 973 489 1031 enim
511 970 585 1030 est
598 971 825 1046 malum,
845 986 909 1029 ut
923 969 1160 1051 disputas
1181 993 1196 1030 ε
1220 971 1368 1032 exis-

160 1060 402 1132 timatio,
418 1055 919 1133 dedecus,infami·a,
933 1057 1370 1136 turpitudoffier-

160 1146 234 1204 ba
256 1144 383 1205 sunt
400 1158 565 1222 atque
593 1144 851 1223 ineptiae.
898 1140 987 1203 sed
1010 1143 1076 1203 de
1105 1146 1213 1203 hoc
1243 1165 1366 1206 non

163 1229 361 1290 dubito
382 1253 399 1290 ε
432 1249 551 1289 non
569 1229 789 1288 audebit
808 1228 1063 1290 accedere
1095 1229 1162 1288 ad
1176 1229 1362 1292 ludos.

161 1319 489 1377 convivium
507 1316 785 1395 publicum
799 1335 916 1376 non
935 1314 1220 1394 dignitatis
1242 1338 1370 1396 gra⁶

164 1404 249 1462 tia
270 1405 431 1463 inibit
446 1426 465 1462 t
490 1401 591 1462 nifi
614 1401 778 1477 forte,
802 1417 867 1462 ut
903 1423 1028 1464 cum
1052 1409 1116 1463 P.
1135 1404 1366 1481 Clodio,

162 1491 277 1549 hoc
292 1487 387 1565 est,
417 1509 539 1550 cum
564 1492 839 1548 amoribus
856 1487 987 1562 suis,
1011 1505 1244 1550 coenet:
1273 1489 1365 1551 {ed

161 1575 331 1654 plane
353 1577 521 1634 animi
537 1573 615 1633 sui
632 1573 808 1634 causa.
853 1574 1016 1634 ludos
1033 1576 1196 1635 nobis
1219 1576 1366 1636 idio·

162 1661 240 1721 tis
265 1661 561 1740 relinquet.
586 1657 723 1720 solet
738 1661 960 1721 enimin
979 1659 1368 1741 disputationi·

160 1749 271 1808 bus
287 1744 417 1821 suis,
452 1745 738 1806 oculorum
752 1761 809 1805 et
822 1748 1033 1807 aurium
1055 1747 1369 1810 delectatio-

161 1835 226 1892 ni
244 1833 555 1894 abdominis
572 1832 882 1914 voluptates
895 1833 1184 1895 anteferre.
1211 1856 1368 1914 nam,

162 1920 321 1998 quod
352 1921 516 1980 vobis
536 1918 631 1979 iste
648 1921 1036 1981 tantummodo
1056 1922 1367 2001 improbus,

162 2005 405 2066 crudelis
428 2006 561 2066 olim
575 2006 922 2080 furunculus,
943 2027 1098 2066 nunc
1112 2027 1248 2067 vero
1263 2010 1369 2067 eti-

162 2111 260 2151 am
285 2111 478 2172 rapax,
517 2091 670 2171 quod
692 2091 967 2164 sordidus„
993 2091 1144 2169 quod
1165 2109 1369 2154 contu-

164 2197 327 2251 max,
348 2178 499 2256 quod
514 2178 797 2258 superbus,
820 2179 972 2255 quod
989 2177 1178 2252 fallax,
1215 2179 1368 2258 quod

162 2262 511 2343 perfidiosus,
528 2265 677 2342 quod
697 2263 1172 2343 impudenS‚quod
1187 2265 1369 2325 audax

161 2346 693 2408 effavideatuimihil
704 2347 895 2409 scitote
908 2349 1009 2408 effe
1018 2349 1373 2430 luxuriofius‚

163 2433 697 2508 nihstzlibidinofius,
743 2435 880 2493 nihil
901 2434 1187 2514 posterius,
1229 2439 1371 2498 nihil

162 2522 430 2604 nequius.
476 2521 750 2584 luxuriam
774 2537 956 2584 autem
977 2524 1040 2584 in
1069 2521 1172 2590 isto
1193 2523 1369 2584 nolite
1488 2555 1493 2560 ·
