1717 3092
338 175 452 236 324
610 166 1016 224 0¹RAT10
1067 167 1258 222 PRO

336 266 495 346 peius
510 263 647 326 fuit:
676 287 803 342 nec,
832 265 1016 348 postea
1035 283 1207 345 quam
1232 266 1386 326 illius
1423 281 1562 324 aue-

341 353 561 414 toritati
580 375 699 414 eam
730 353 856 416 dedi
893 355 1140 429 veniam,
1175 371 1346 432 quam
1367 351 1568 426 debui,

340 439 647 519 quidquam
664 439 936 514 fimulavi,
953 461 1026 500 ne
1043 461 1170 500 cum
1186 459 1310 498 mea
1332 436 1574 517 perfidia

350 525 435 584 illi
464 529 627 586 etiam
664 525 761 605 ipfi
796 527 1063 600 facerem,
1107 527 1200 584 cui
1235 523 1577 586 beneficium

350 611 627 688 dedissem,
648 613 927 690 injuriam.
975 631 1108 671 nam
1129 631 1250 670 non
1275 609 1572 668 redeundo

344 699 413 757 in
442 701 673 776 gratiam
694 720 823 758 cum
850 700 1104 771 inimico,
1137 717 1256 756 non
1283 695 1574 754 violabam

348 786 693 865 Pompeium.
740 785 783 843 fi
794 805 894 864 per
907 805 1034 844 eum
1052 783 1302 842 reduetus
1335 779 1573 841 insidio-

346 867 407 930 se
421 869 687 931 redissem:
698 891 787 930 me
802 869 1004 931 scilicet
1017 865 1372 944 maxime,sed
1387 887 1570 947 prox-

346 958 459 1016 ime
480 957 637 1017 illum
658 977 882 1037 quoque
903 954 1225 1016 fefelliffem.
1279 969 1340 1012 at
1371 954 1444 1013 de
1483 975 1576 1013 me

346 1043 777 1104 omittamuszad
797 1042 1214 1102 Alexandrinos
1229 1039 1361 1099 istos
1379 1060 1572 1100 rever·

348 1142 552 1190 tamur.
600 1129 755 1209 quod
776 1130 984 1188 habent
1004 1129 1100 1186 os?
1143 1147 1310 1204 quam
1333 1127 1562 1186 audaci-

346 1215 832 1292 am?modo,vobis
854 1215 1310 1294 inspeEkantibu3‚
1330 1214 1390 1271 in
1405 1213 1567 1289 judi-

344 1302 445 1360 cio
456 1300 866 1362 Gabiniitertio
896 1320 1122 1381 quoque
1144 1302 1316 1358 verb'o
1349 1302 1565 1358 excita·

349 1385 865 1464 bantur.negabant
883 1387 1168 1466 pecuniam
1191 1387 1442 1446 Gabinio
1459 1387 1561 1444 da·

349 1485 487 1532 tam.
514 1474 840 1535 recitabatur
854 1471 1158 1534 identidem
1181 1473 1431 1547 Pompeii
1461 1468 1562 1531 tess-

344 1560 645 1630 ,timonium
662 1582 677 1620 z
697 1579 883 1636 regem
899 1559 968 1618 ad
983 1557 1038 1618 se
1051 1557 1325 1636 scripfiss'e,
1347 1557 1558 1618 nullam

350 1646 643 1726 pecuniam
652 1641 1016 1719 Gabinio,nifi
1033 1646 1094 1702 in
1111 1663 1224 1704 rem
1239 1643 1556 1718 militarem,

350 1729 557 1790 datam.
578 1753 697 1790 non
710 1730 1138 1810 est,inquit,tum
1159 1729 1556 1790 Alexandrinis

348 1815 571 1876 testibus
586 1817 874 1880 creditum.
901 1817 1061 1897 quicl?
1071 1814 1256 1896 postea
1271 1816 1550 1878 credetur?

347 1901 628 1963 credetur.
654 1903 1045 1982 quamobrem?
1060 1905 1192 1981 quia
1207 1923 1362 1962 nunc
1379 1904 1556 1978 aiunt,

344 1989 503 2070 quod
519 2006 655 2050 tunc
667 1992 964 2066 negabant.
980 1986 1114 2067 quid
1129 1990 1292 2065 ergo?
1309 1987 1412 2048 ista
1425 2011 1558 2048 con·

349 2076 491 2136 ditio
528 2073 602 2136 est
632 2074 867 2150 testium,
913 2090 1002 2148 ut,
1043 2074 1246 2153 quibus
1285 2074 1552 2136 creditum

348 2183 473 2223 non
496 2161 561 2220 fit
582 2163 935 2238 negantibus,
957 2159 1148 2220 iisdem
1185 2159 1445 2220 credatur
1473 2162 1552 2221 di-

347 2248 631 2308 centibus?
657 2263 735 2322 at,
760 2245 799 2306 fi
818 2267 1007 2308 verum
1029 2263 1174 2319 tum,
1203 2267 1334 2306 cum
1357 2249 1552 2310 νει-ΗΕ-

344 2354 440 2394 ma
466 2331 653 2396 fronte
684 2333 976 2394 dixerunt:
1003 2353 1156 2392 nunc
1179 2334 1546 2395 mentiuntur.

343 2416 387 2474 fi
402 2431 536 2476 tunc
558 2420 777 2477 mentiti
796 2417 1188 2480 sunttdoceant
1203 2440 1312 2478 nos
1333 2441 1548 2482 verum.

345 2500 481 2580 quid
514 2503 711 2570 vultis?
740 2502 950 2571 sileant.
999 2505 1178 2568 dicere
1193 2505 1546 2591 audiebamus
