1717 3092
366 113 477 192 336
640 113 1042 170 ORATIO
1093 113 1284 168 PRO

362 217 611 280 vietoriis
632 213 886 278 lustratae
907 213 1058 274 sunt.
1101 231 1248 292 quae
1271 207 1502 294 quidem
1525 203 1592 276 e:

362 325 439 384 go
462 301 563 364 nifi
594 307 673 364 ita
694 323 897 380 magna
927 299 1032 359 effie
1071 298 1266 375 fatear,
1305 315 1369 359 ut
1393 321 1458 360 ea
1481 305 1590 364 vix

362 389 684 470 cujusquam
730 409 888 449 mens
935 401 1033 446 aut
1065 387 1338 464 cogitatio
1381 408 1584 467 capere

360 478 546 560 poffit,
574 495 764 538 amens
800 473 929 534 fim:
955 471 1048 532 sed
1085 487 1272 532 tamen
1312 472 1445 533 sunt
1463 475 1582 536 alia

362 566 594 642 majora.
642 580 771 622 nam
784 561 1006 622 bellicas
1023 555 1214 618 laudes
1239 557 1426 620 solent
1449 563 1580 640 qui·

362 651 487 712 dam
502 665 803 710 extenuare
824 643 1036 721 verbisj
1064 643 1258 724 easque
1283 643 1580 708 detrahere

364 738 619 810 ducibuS,
656 735 1064 798 communicare
1095 752 1218 794 cum
1243 733 1462 808 multis»,
1499 755 1580 795 ne

334 825 617 906 ’propriae
652 821 757 882 sint
778 824 1195 900 imperatorum.
1243 832 1302 877 et
1335 836 1489 880 certe
1513 811 1576 884 in

360 912 529 980 armis
550 908 786 968 militum
802 908 1005 980 virtus,
1027 903 1277 964 locorum
1295 923 1575 988 opportu-

360 1000 530 1071 nitas,
558 991 764 1054 a‘uxilia
778 991 1077 1067 sociorum,
1099 989 1304 1067 classes,
1322 1011 1574 1076 comme-

362 1100 509 1161 atus,
552 1081 786 1140 multum
810 1081 1037 1157 juvant.
1091 1077 1400 1140 maximam‘
1433 1089 1574 1142 vero

360 1183 571 1252 partem
588 1166 739 1248 quafi
754 1165 851 1226 suo
863 1167 990 1244 jure
999 1171 1250 1225 Fortuna
1263 1164 1364 1225 fibi
1381 1167 1572 1228 vindi-

294 1265 300 1274 ‘
360 1272 480 1318 ont:
503 1269 562 1314 et
576 1252 847 1334 quidquid
863 1251 936 1313 est
969 1251 1222 1333 prospere
1251 1251 1489 1329 gestum,
1515 1253 1571 1313 id

362 1346 508 1424 pene
542 1360 711 1402 omne
740 1341 894 1400 ducit
933 1337 1110 1398 suum.
1155 1354 1212 1397 at
1233 1359 1376 1399 vero
1401 1343 1568 1417 hujus

356 1430 585 1509 ssoriae,
624 1433 693 1488 C.
714 1423 933 1500 Caesar,
957 1445 1120 1504 quam
1159 1444 1216 1483 es
1243 1425 1415 1504 paulo
1439 1441 1568 1486 ante

358 1517 612 1596 adeptus,
637 1511 843 1573 socium
858 1513 1026 1570 habes
1045 1513 1349 1571 neminem.
1380 1526 1565 1572 totum

352 1608 978 1681 hoc,quantumcunque
993 1597 1238 1675 est‚quod
1249 1613 1398 1656 certe
1408 1619 1566 1660 max·

354 1693 524 1751 imum
540 1687 636 1761 est,
660 1700 841 1747 totum
856 1683 953 1759 est,
975 1688 1225 1762 inquam,
1249 1699 1433 1744 tuum.
1477 1689 1564 1745 ni-

354 1776 435 1836 hil
456 1773 550 1833 fibi
566 1793 637 1832 ex
654 1770 922 1831 istalaude
935 1773 1212 1843 centurio,
1237 1771 1380 1830 nihil
1414 1771 1567 1850 prae-

355 1862 553 1934 fefitus,
575 1858 717 1918 nihil
748 1861 976 1932 cohors,
1009 1857 1146 1914 nihil
1171 1871 1356 1916 turma
1373 1858 1566 1918 decer·

356 1950 463 2031 pit.
508 1947 646 2027 quin
670 1946 836 2004 etiam
858 1942 952 2001 illa
967 1941 1080 2022 ipsa
1095 1963 1276 2002 rerum
1293 1945 1568 2005 humana-

355 2055 480 2098 rum
500 2033 747 2106 domina,
772 2037 1044 2102 Fortuna,
1067 2032 1126 2088 in
1143 2027 1292 2088 istius
1311 2029 1364 2096 se
1391 2028 1568 2092 socie-

354 2138 525 2183 tatem
540 2121 746 2197 gloriae
762 2137 882 2177 non
899 2113 1084 2174 offert:
1100 2117 1202 2174 tibi
1220 2116 1392 2175 cedit:
1413 2133 1566 2177 tuam

356 2207 460 2268 effe
477 2222 647 2264 totam
652 2219 726 2279 ,et
741 2204 1016 2283 propriam
1031 2200 1252 2260 fatetur.
1272 2193 1566 2283 nunquatit

356 2297 505 2352 enim
522 2293 798 2350 temeritas
814 2310 939 2348 cum
960 2287 1223 2368 sapientia
1242 2289 1563 2348 commisce·

356 2392 468 2449 tur,
494 2397 595 2433 nec
614 2378 680 2434 ad
710 2373 996 2434 confilium
1027 2373 1178 2433 casus
1223 2374 1559 2434 admittitur.

288 2485 299 2498 ‘
356 2459 628 2522 Domuisti
664 2475 862 2539 gentes
892 2461 1232 2522 immanitate
1269 2463 1561 2540 barbaras,
1583 2477 1604 2520 3
