1717 3092
338 136 579 196 REGE
628 137 1143 211 DEJOTARO.
1232 152 1358 228 39⁷,

68 265 121 316 ¹4
144 259 259 305 tam
274 239 439 302 refert
450 241 776 303 clementiae
790 255 938 301 tuae.
1063 246 1196 317 Quo
1218 245 1344 322 qui-

140 331 269 392 dem
285 331 472 392 animo
484 349 611 390 cum
629 344 793 389 antea
805 327 931 404 fuit,
955 341 1075 388 tum
1098 348 1218 390 non
1241 329 1344 390 du·

140 419 288 493 bito,
334 420 473 496 quin
507 418 615 476 tuis
640 416 837 490 literis,
883 433 1116 494 quarum
1153 436 1344 480 exem-

141 505 295 587 plum
314 502 445 581 legi,
476 523 615 584 quas
630 502 695 562 ad
714 523 840 562 eum
865 509 1191 562 Tarracone
1215 506 1346 566 huic

138 588 407 654 Blesamio
423 587 687 664 dedisti,se
702 591 878 668 magis
899 590 1062 652 etiam
1083 592 1348 670 erexerit,

141 681 213 740 ab
227 680 493 757 omnique
516 675 882 738 sollicitudine
900 675 1348 757 abstraxerit.ju-

140 767 243 840 bes
258 769 405 824 enim
427 785 552 824 eum
568 767 708 825 bene
724 764 954 847 sperare,
975 779 1034 824 et
1049 768 1205 826 bono
1237 764 1342 828 effe

144 854 337 916 animo
353 875 371 912 ε
396 850 549 934 quod
566 851 680 912 scio
704 869 759 913 te
775 873 894 912 non
909 849 1102 912 frustra
1119 849 1351 914 scribere

141 937 336 1000 solere.
383 940 611 1000 memini
624 941 775 999 enim
801 935 992 999 iisdem
1022 938 1134 998 fere
1163 942 1351 1000 verbis
1401 936 1408 944 ’
1440 1015 1446 1021 ,

144 1027 216 1088 ad
230 1047 317 1086 me
335 1031 394 1086 ‘te
415 1023 670 1100 scribere,
683 1046 880 1106 meque
897 1027 1005 1083 tuis
1023 1023 1196 1085 literis
1210 1026 1352 1086 bene

143 1113 358 1195 sperare
382 1134 499 1190 non
530 1111 725 1172 frustra
747 1112 851 1174 effe
875 1109 1101 1192 juffum.
1153 1111 1351 1174 laboro

145 1199 404 1281 equidem
427 1203 569 1278 regis
596 1201 851 1278 Dejotari
867 1197 1046 1274 causa,
1077 1219 1352 1278 quo-cum

145 1288 285 1349 mihi
322 1287 615 1347 amicitiam
653 1284 954 1368 respublica
983 1285 1310 1346 conciliavit
1326 1328 1352 1364 ‚

143 1371 445 1452 hospitium
460 1373 721 1435 voluntas
732 1371 1014 1452 utriusque
1025 1373 1296 1450 conjunxi
1303 1388 1352 1452 t,

140 1458 571 1524 familiaritatem
594 1459 938 1518 consuetudo
963 1460 1174 1532 attulit,
1205 1458 1350 1518 sum·

143 1565 293 1607 mam
338 1562 473 1603 vero
513 1543 958 1604 neceffitudinem
995 1563 1196 1621 magna
1229 1543 1352 1621 ejus

148 1631 329 1693 officia
343 1631 401 1690 in
418 1651 526 1707 me,
555 1632 685 1690 etin
704 1633 1008 1690 exercitum
1023 1649 1206 1690 meum
1219 1627 1353 1689 effe·

150 1732 385 1781 cerunt:
411 1715 501 1778 sed
532 1737 659 1778 cum
688 1717 757 1777 de
784 1716 883 1776 illo
903 1715 1123 1792 laboro,
1148 1732 1268 1778 tum
1281 1714 1354 1778 de

150 1804 342 1868 multis
370 1805 700 1886 ampliffirnis
742 1805 902 1880 viris»,
949 1805 1152 1885 quibus
1191 1801 1354 1866 semel

148 1891 406 1972 ignotum
422 1914 455 1952 a
474 1909 530 1952 te
542 1889 646 1952 effe
660 1908 1014 1970 oportet,nec
1026 1889 1354 1952 beneficium

150 1994 311 2039 tuum
326 1979 385 2038 in
419 1979 648 2040 dubium
670 1981 886 2054 vocari,
910 1999 1014 2038 nec
1050 1981 1269 2038 haerere
1292 1979 1356 2038 in

151 2068 353 2127 animis
382 2069 671 2128 hominum
708 2064 1134 2124 sollicitudinem
1164 2062 1358 2144 sempi-

149 2167 391 2228 ternam,
416 2174 517 2216 nec
542 2152 807 2229 accidere,
830 2166 894 2210 ut
909 2148 1196 2230 quisquam
1212 2165 1266 2210 te
1283 2152 1358 2210 ti-

152 2260 301 2302 mere
316 2241 549 2321 incipiat
579 2260 795 2314 eorum,
825 2240 924 2317 qui
956 2235 1116 2296 semel
1132 2258 1165 2295 a
1179 2252 1234 2297 te
1247 2235 1355 2296 fint

156 2326 373 2386 liberati
406 2331 625 2388 timore.
674 2346 794 2386 non
824 2325 1022 2398 debeo,
1048 2329 1116 2382 C.
1135 2321 1356 2400 Caesar,

153 2409 597 2494 quod-fierisolet
614 2416 673 2472 in
697 2415 870 2472 tantis
893 2409 1362 2491 periculis,tenta-

150 2507 235 2582 re,
263 2520 513 2584 quonam
532 2498 703 2566 modo
733 2498 970 2564 dicendo
991 2494 1357 2565 misericordi-
