1717 3092
351 132 430 191 60
671 131 1219 187 ORATIO

351 228 488 312 quid
503 233 692 291 aetati:
711 230 778 291 fit
789 229 1151 291 adolescentia
1164 230 1419 290 liberior:
1432 248 1557 292 non

353 319 544 376 omnia
591 317 973 396 voluptatibus
1010 314 1345 394 denegentur
1366 340 1388 377 τ
1432 337 1557 376 non

353 401 562 482 semper
575 399 789 482 superet
807 423 939 462 vera
960 402 1051 461 illa
1071 417 1129 460 et
1148 403 1351 462 directa
1368 405 1515 461 ratio
1530 424 1553 460 :-

353 491 544 550 vincat
559 488 857 569 aliquando
874 487 1166 566 cupiditate,
1192 484 1558 567 voluptasque

351 575 649 648 rationem,
687 572 993 634 dummodo
1016 573 1191 632 main
1214 576 1323 631 hoc
1352 593 1561 650 genere

351 659 1147 740 praescriptio,moderatioque
1156 672 1559 737 teneaturzpar-

354 760 445 805 cat
459 745 728 823 juventus
768 744 1061 825 pudicitiae
1096 742 1239 819 suae,
1262 763 1337 805 ne
1362 743 1563 824 spoliet

351 832 616 892 alienam:
655 851 726 890 ne
755 829 1005 890 effundat
1024 831 1442 910 patrimonium,
1484 849 1561 888 ne

352 915 585 977 foenore
611 915 939 990 trucidetur,
964 933 1037 975 ne
1066 918 1313 976 incurrat
1332 917 1394 976 in
1418 914 1557 974 alte·

353 1005 471 1062 rius
495 1001 720 1062 domum
749 1017 915 1081 atque
940 999 1175 1060 famam:
1200 1021 1273 1060 ne
1288 1003 1559 1082 probrum

353 1086 535 1162 castis,
570 1088 746 1148 labem
777 1089 1032 1165 integris,
1066 1087 1347 1146 infamiam
1384 1087 1557 1147 bonis

355 1175 418 1232 in
427 1174 587 1233 ferat:
615 1194 688 1232 ne
711 1191 876 1253 quem
902 1175 963 1233 vi
986 1187 1215 1244 terreat3
1240 1193 1315 1232 ne
1339 1170 1558 1232 interfit

355 1258 597 1320 insidiis:
621 1257 818 1318 scelere
846 1274 1063 1331 careat:
1098 1256 1396 1337 postremo,
1426 1277 1559 1318 cum

357 1346 598 1424 paruerit
633 1345 1039 1425 voluptatibus,
1088 1343 1298 1404 dederit
1340 1343 1559 1424 aliquid

358 1433 628 1510 temporie
644 1430 714 1490 ad
741 1430 936 1490 ludum
966 1431 1181 1504 aetatis,
1216 1446 1384 1510 atque
1406 1429 1479 1490 ad
1506 1431 1557 1489 i-

358 1535 536 1576 nanes
565 1515 720 1578 hasce
747 1515 1145 1576 adolescentiae
1182 1516 1553 1595 cupiditatesg

341 1617 582 1664 revocet
594 1601 646 1661 se
659 1602 961 1681 aliquando
976 1601 1043 1661 ad
1060 1621 1249 1660 curam
1270 1602 1349 1660 rei
1362 1599 1559 1662 dome·
1616 1615 1631 1636 ⁸

357 1687 539 1763 Πίου,
562 1690 637 1747 rei
672 1685 925 1764 forenfis,
949 1690 1027 1747 rei
1056 1687 1339 1768 publicae:
1382 1702 1448 1746 ut
1470 1707 1559 1765 ea,

357 1794 499 1853 quae
513 1775 728 1834 ratione
749 1789 913 1834 antea
940 1794 1059 1834 non
1081 1772 1449 1854 perspexerat,
1475 1771 1560 1832 sa-

358 1863 546 1920 tietate
557 1859 823 1937 abjeciffie,
844 1859 1187 1940 experiendo
1204 1857 1559 1938 contempfis·

357 1944 412 2006 se
427 1946 763 2008 videatur.ac
777 1946 941 2005 multi
958 1961 1011 2006 et
1026 1944 1228 2020 nostra,
1242 1961 1301 2010 et
1314 1959 1557 2024 petrum,

300 2097 305 2103 ,
358 2033 740 2112 majorumque
759 2034 1043 2106 memoria,
1080 2031 1323 2106 Judices',
1360 2029 1561 2092 summi

357 2116 634 2193 homines,
647 2133 704 2177 et
717 2118 983 2178 clariffimi
1000 2119 1151 2176 cives
1166 2117 1557 2196 filex-umque·

308 2263 310 2266 ,
357 2224 481 2274 rum
495 2223 620 2263 cum
635 2202 1025 2264 adolescentiae
1040 2203 1367 2282 cupiditates
1376 2202 1558 2262 defer-
1588 2205 1597 2212 ’

357 2287 808 2364 viss'ent,eximiae
823 2291 1079 2364 virtutes,
1103 2289 1356 2348 firmata
1331 2308 1451 2365 jam
1464 2309 1554 2349 ae-

358 2378 505 2444 tate,
549 2375 874 2434 extiterunt.
936 2393 1006 2434 ex
1038 2377 1237 2454 quibus
1272 2377 1561 2436 neminem

354 2456 487 2516 mihi
495 2446 706 2518 neceffe
721 2457 794 2520 est
809 2463 1119 2524 nominare·
1140 2458 1355 2526 vosmet
1369 2459 1556 2526 vobis-
