1717 3092
405 171 486 246 96
615 167 739 226 DE
789 163 1391 224 Pnovmcns

404 271 715 332 vinciarum
749 265 1029 328 vastitates
1042 311 1065 343 ,
1102 269 1316 349 imperii
1346 270 1617 346 maculas,
1680 311 1689 322 ·

403 355 694 418 teneretis?
717 369 776 413 at
787 353 955 414 iidem
976 375 1107 429 vos,
1129 375 1279 414 anno
1302 353 1617 460 superiore,

405 447 511 504 hos
531 439 750 502 eosdem
769 442 1135 514 revocabatis,
1156 461 1279 500 eum
1298 442 1361 500 in
1374 445 1613 522 provin·

403 529 644 605 ciasjam
657 523 1045 606 perveniffent.
1090 547 1207 605 quo
1222 541 1479 606 tempore
1490 527 1533 589 fi
1546 528 1613 588 li-

402 618 596 675 berum
622 610 856 672 vestrum
874 611 1143 689 judicium
1174 609 1375 686 fuiss‘et,
1400 633 1508 674 nec
1522 630 1609 674 to·

403 703 510 760 ties
533 699 703 759 dilata
719 715 829 769 res,
851 717 957 756 nec
976 695 1044 756 ad
1056 711 1363 756 extremum
1378 701 1415 756 ὲ
1430 700 1609 760 mani·

400 790 506 847 bus
521 797 708 866 erepta
721 780 1245 857 effet,restituiffetis,
1262 783 1323 844 id
1340 785 1498 886 quod
1514 805 1609 844 cu·

399 873 657 952 piebatis,
693 867 927 928 vestram
956 871 1409 946 austeritatem,
1392 873 1489 944 iis,
1512 891 1611 949 per

402 977 545 1038 quos
571 969 688 1014 erat
711 951 918 1028 amiffa,
956 956 1255 1029 revocatis,
1276 969 1335 1014 et
1368 955 1457 1016 his
1482 955 1609 1035 ipfis

400 1043 658 1124 praemiis
678 1042 1081 1118 extortis,quae
1094 1055 1255 1100 erant
1268 1059 1373 1120 pro
1388 1041 1607 1117 scelere,

399 1143 566 1208 atque
579 1125 858 1188 evetfione
872 1127 1081 1205 patriae
1094 1125 1395 1188 consecuti.
1422 1136 1607 1202 Quam
1626 1123 1652 1166 ⁶

401 1235 640 1294 poenam
653 1211 693 1271 fi
707 1228 828 1272 tum
849 1211 1083 1270 aliorum
1099 1213 1322 1292 opibus,
1333 1233 1453 1272 non
1471 1211 1609 1288 suis,

401 1299 730 1362 invitissimis
765 1299 953 1372 vobis,
997 1297 1321 1360 evolarunt.
1360 1314 1421 1359 at
1442 1299 1607 1360 aliam

399 1387 582 1449 multo
628 1385 893 1462 majorem
906 1425 929 1457 ,
970 1384 1393 1463 gravioremque
1428 1383 1607 1445 subie-

400 1488 555 1534 runt.
603 1489 746 1549 quae
759 1471 908 1530 enim
924 1471 1160 1543 homini,
1190 1472 1251 1530 in
1268 1489 1385 1550 quo
1400 1470 1605 1551 aliquis

399 1558 440 1620 fi
456 1575 573 1618 non
588 1556 759 1616 famae
773 1553 975 1635 pudor,
990 1570 1047 1613 at
1061 1553 1309 1635 supplicii
1324 1559 1496 1616 timor
1508 1556 1607 1632 est,

399 1646 624 1724 gravior
639 1661 819 1720 poena
835 1639 1077 1701 accidere
1090 1643 1465 1721 potuit-,quam
1482 1663 1605 1704 non
1693 1653 1694 1707 ἰ

398 1729 551 1794 credi
578 1728 752 1788 literis
782 1728 877 1800 iis,
922 1747 1063 1805 quae
1096 1745 1211 1786 rem
1233 1729 1376 1786 bene
1404 1727 1607 1805 gestam

397 1818 460 1876 in
477 1815 626 1875 bello
647 1814 1001 1872 nuntiarent?
1026 1816 1135 1872 hoc
1154 1811 1339 1872 statuit
1356 1812 1607 1890 senatus,

398 1923 524 1962 cum
554 1901 818 1976 frequens
864 1896 1319 1979 supplicationem
1350 1901 1607 1959 Gabinio

397 1987 724 2064 denegavit:
751 1985 989 2064 primum
1025 1987 1263 2058 homini,
1286 1983 1599 2060 sceleribus,
1689 2031 1690 2057 ¹

397 2076 619 2150 flagitiis
641 2069 1180 2143 contaminatiffimo,
1204 2069 1343 2130 nihil
1363 2068 1469 2132 effe
1486 2091 1603 2130 cre-

339 2201 348 2206 α
394 2158 667 2221 dendum.
652 2179 668 2195 ·
700 2155 898 2215 deinde
922 2160 953 2214 ὲ
982 2155 1292 2234 proditore,
1320 2172 1491 2235 atque
1512 2175 1607 2232 eo,
1687 2215 1688 2231 χ

395 2265 561 2325 quem
571 2241 908 2323 praesentem
918 2241 1121 2300 hostem
1136 2242 1465 2320 reipublicae
1474 2263 1607 2319 cog-

393 2328 594 2412 noss'et,
617 2332 758 2388 bene
772 2346 888 2386 rem
902 2329 1019 2403 geri
1042 2347 1161 2386 non
1178 2326 1441 2408 potuisse·
1476 2325 1605 2406 pos·
1685 2381 1686 2407 ἶ

393 2427 598 2511 tremo,
622 2433 694 2470 ne
707 2412 842 2470 deos
866 2410 1087 2489 quidem
1102 2412 1439 2472 immortales
1464 2413 1609 2472 velle

397 2497 598 2574 aperiri
615 2496 708 2558 sua
737 2499 963 2577 templa,
984 2512 1043 2558 et
1069 2496 1167 2560 fibi
1182 2496 1479 2580 supplicari
1498 2503 1684 2580 1²00}
