<?xml version="1.0" encoding="UTF-8"?>
<!DOCTYPE html PUBLIC "-//W3C//DTD XHTML 1.0 Transitional//EN"
    "http://www.w3.org/TR/xhtml1/DTD/xhtml1-transitional.dtd">
<html xmlns="http://www.w3.org/1999/xhtml" xml:lang="en" lang="en">
 <head>
  <title>
</title>
<meta http-equiv="Content-Type" content="text/html;charset=utf-8" />
  <meta name='ocr-system' content='tesseract 3.04.00' />
  <meta name='ocr-capabilities' content='ocr_page ocr_carea ocr_par ocr_line ocrx_word'/>
</head>
<body>
  <div class='ocr_page' id='page_1' title='image "./mtulliiciceroni16unkngoog_0061.png"; bbox 0 0 1717 3092; ppageno 0'>
   <div class='ocr_carea' id='block_1_1' title="bbox 367 127 1333 210">
    <p class='ocr_par' dir='ltr' id='par_1_1' title="bbox 367 127 1333 210">
     <span class='ocr_line' id='line_1_1' title="bbox 367 127 1333 210; baseline 0.003 -20"><span class='ocrx_word' id='word_1_1' title='bbox 367 137 536 192; x_wconf 65' lang='lat' dir='ltr'>PR‘o</span> <span class='ocrx_word' id='word_1_2' title='bbox 563 127 660 190; x_wconf 78' lang='grc' dir='ltr'>Μ.</span> <span class='ocrx_word' id='word_1_3' title='bbox 685 131 1059 192; x_wconf 63' lang='lat' dir='ltr'>can-210.</span> <span class='ocrx_word' id='word_1_4' title='bbox 1248 147 1333 210; x_wconf 73' lang='lat'>49</span> 
     </span>
    </p>
   </div>
   <div class='ocr_carea' id='block_1_2' title="bbox 49 231 1331 914">
    <p class='ocr_par' dir='ltr' id='par_1_2' title="bbox 49 231 1331 914">
     <span class='ocr_line' id='line_1_2' title="bbox 115 231 1331 313; baseline -0.004 -15"><span class='ocrx_word' id='word_1_5' title='bbox 115 255 238 298; x_wconf 80' lang='lat' dir='ltr'>eum</span> <span class='ocrx_word' id='word_1_6' title='bbox 255 234 504 296; x_wconf 74' lang='lat' dir='ltr'>videram</span> <span class='ocrx_word' id='word_1_7' title='bbox 521 231 1061 313; x_wconf 67' lang='lat' dir='ltr'>fi-ussra&#39;liflgantem.</span> <span class='ocrx_word' id='word_1_8' title='bbox 1108 231 1207 294; x_wconf 87' lang='lat' dir='ltr'>tibi</span> <span class='ocrx_word' id='word_1_9' title='bbox 1230 251 1331 294; x_wconf 70' lang='lat' dir='ltr'>nu-</span> 
     </span>
     <span class='ocr_line' id='line_1_3' title="bbox 114 319 1331 401; baseline 0 -19"><span class='ocrx_word' id='word_1_10' title='bbox 114 337 250 395; x_wconf 87' lang='lat' dir='ltr'>tem,</span> <span class='ocrx_word' id='word_1_11' title='bbox 289 321 480 396; x_wconf 86' lang='lat' dir='ltr'>Balbe,</span> <span class='ocrx_word' id='word_1_12' title='bbox 509 319 860 401; x_wconf 84' lang='lat' dir='ltr'>respondebo</span> <span class='ocrx_word' id='word_1_13' title='bbox 880 323 1115 401; x_wconf 82' lang='lat' dir='ltr'>primum</span> <span class='ocrx_word' id='word_1_14' title='bbox 1136 339 1331 401; x_wconf 72' lang='lat' dir='ltr'>preca·</span> 
     </span>
     <span class='ocr_line' id='line_1_4' title="bbox 115 405 1329 482; baseline -0.002 -14"><span class='ocrx_word' id='word_1_15' title='bbox 115 411 226 482; x_wconf 85' lang='lat' dir='ltr'>rio,</span> <span class='ocrx_word' id='word_1_16' title='bbox 249 407 290 466; x_wconf 87' lang='lat' dir='ltr'>fi</span> <span class='ocrx_word' id='word_1_17' title='bbox 305 407 462 480; x_wconf 85' lang='lat' dir='ltr'>licet,</span> <span class='ocrx_word' id='word_1_18' title='bbox 487 405 528 468; x_wconf 86' lang='lat' dir='ltr'>fi</span> <span class='ocrx_word' id='word_1_19' title='bbox 549 407 634 466; x_wconf 74' lang='lat' dir='ltr'>fas</span> <span class='ocrx_word' id='word_1_20' title='bbox 665 407 740 466; x_wconf 88' lang='lat' dir='ltr'>est</span> <span class='ocrx_word' id='word_1_21' title='bbox 761 406 985 466; x_wconf 86' lang='lat' dir='ltr'>defendi</span> <span class='ocrx_word' id='word_1_22' title='bbox 1010 429 1045 468; x_wconf 88' lang='lat' dir='ltr'>a</span> <span class='ocrx_word' id='word_1_23' title='bbox 1064 427 1155 468; x_wconf 83' lang='lat' dir='ltr'>me</span> <span class='ocrx_word' id='word_1_24' title='bbox 1174 427 1329 482; x_wconf 82' lang='lat' dir='ltr'>eum,</span> 
     </span>
     <span class='ocr_line' id='line_1_5' title="bbox 113 493 1331 574; baseline 0 -22"><span class='ocrx_word' id='word_1_25' title='bbox 113 497 216 574; x_wconf 87' lang='lat' dir='ltr'>qui</span> <span class='ocrx_word' id='word_1_26' title='bbox 237 493 454 552; x_wconf 85' lang='lat' dir='ltr'>nullum</span> <span class='ocrx_word' id='word_1_27' title='bbox 479 494 804 554; x_wconf 83' lang='lat' dir='ltr'>convivium</span> <span class='ocrx_word' id='word_1_28' title='bbox 821 496 1087 568; x_wconf 85' lang='lat' dir='ltr'>renuerit,</span> <span class='ocrx_word' id='word_1_29' title='bbox 1110 495 1209 572; x_wconf 87' lang='lat' dir='ltr'>qui</span> <span class='ocrx_word' id='word_1_30' title='bbox 1222 513 1331 552; x_wconf 82' lang='lat' dir='ltr'>un·-</span> 
     </span>
     <span class='ocr_line' id='line_1_6' title="bbox 49 576 1329 658; baseline 0 -20"><span class='ocrx_word' id='word_1_31' title='bbox 49 590 90 632; x_wconf 85' lang='lat'>¹2</span> <span class='ocrx_word' id='word_1_32' title='bbox 115 594 324 657; x_wconf 83' lang='lat' dir='ltr'>guenta</span> <span class='ocrx_word' id='word_1_33' title='bbox 337 576 646 656; x_wconf 83' lang='lat' dir='ltr'>sumpserit,</span> <span class='ocrx_word' id='word_1_34' title='bbox 665 580 762 658; x_wconf 88' lang='lat' dir='ltr'>qui</span> <span class='ocrx_word' id='word_1_35' title='bbox 785 580 945 637; x_wconf 72' lang='lat' dir='ltr'>Baias</span> <span class='ocrx_word' id='word_1_36' title='bbox 960 579 1181 640; x_wconf 80' lang='lat' dir='ltr'>viderit.</span> <span class='ocrx_word' id='word_1_37' title='bbox 1250 583 1329 638; x_wconf 88' lang='lat' dir='ltr'>E·</span> 
     </span>
     <span class='ocr_line' id='line_1_7' title="bbox 113 663 1327 744; baseline 0 -20"><span class='ocrx_word' id='word_1_38' title='bbox 113 665 342 744; x_wconf 82' lang='lat' dir='ltr'>quidem</span> <span class='ocrx_word' id='word_1_39' title='bbox 363 663 578 722; x_wconf 78' lang='lat' dir='ltr'>multos</span> <span class='ocrx_word' id='word_1_40' title='bbox 599 678 656 723; x_wconf 88' lang='lat' dir='ltr'>et</span> <span class='ocrx_word' id='word_1_41' title='bbox 677 663 794 724; x_wconf 82' lang='lat' dir='ltr'>vidi</span> <span class='ocrx_word' id='word_1_42' title='bbox 809 664 872 724; x_wconf 76' lang='lat' dir='ltr'>iu</span> <span class='ocrx_word' id='word_1_43' title='bbox 890 666 1253 738; x_wconf 71' lang='lat' dir='ltr'>haccivitnte,</span> <span class='ocrx_word' id='word_1_44' title='bbox 1266 679 1327 724; x_wconf 85' lang='lat' dir='ltr'>et</span> 
     </span>
     <span class='ocr_line' id='line_1_8' title="bbox 112 748 1327 829; baseline -0.002 -19"><span class='ocrx_word' id='word_1_45' title='bbox 112 752 334 824; x_wconf 82' lang='lat' dir='ltr'>audivi,</span> <span class='ocrx_word' id='word_1_46' title='bbox 357 769 482 809; x_wconf 83' lang='lat' dir='ltr'>non</span> <span class='ocrx_word' id='word_1_47' title='bbox 498 748 670 808; x_wconf 87' lang='lat' dir='ltr'>modo</span> <span class='ocrx_word' id='word_1_48' title='bbox 683 752 784 828; x_wconf 90' lang='lat' dir='ltr'>qui</span> <span class='ocrx_word' id='word_1_49' title='bbox 805 751 1141 829; x_wconf 77' lang='lat' dir='ltr'>primoribus</span> <span class='ocrx_word' id='word_1_50' title='bbox 1156 750 1327 810; x_wconf 72' lang='lat' dir='ltr'>labris</span> 
     </span>
     <span class='ocr_line' id='line_1_9' title="bbox 111 835 1329 914; baseline -0.001 -19"><span class='ocrx_word' id='word_1_51' title='bbox 111 835 408 914; x_wconf 79' lang='lat' dir='ltr'>gustassent</span> <span class='ocrx_word' id='word_1_52' title='bbox 436 855 612 912; x_wconf 79' lang='lat' dir='ltr'>genus</span> <span class='ocrx_word' id='word_1_53' title='bbox 632 837 742 894; x_wconf 89' lang='lat' dir='ltr'>hoc</span> <span class='ocrx_word' id='word_1_54' title='bbox 763 837 935 910; x_wconf 86' lang='lat' dir='ltr'>vitae,</span> <span class='ocrx_word' id='word_1_55' title='bbox 962 850 1019 896; x_wconf 84' lang='lat' dir='ltr'>et</span> <span class='ocrx_word' id='word_1_56' title='bbox 1030 837 1329 914; x_wconf 72' lang='lat' dir='ltr'>extremis,</span> 
     </span>
    </p>
   </div>
   <div class='ocr_carea' id='block_1_3' title="bbox 111 919 1447 1000">
    <p class='ocr_par' dir='ltr' id='par_1_3' title="bbox 111 919 1447 1000">
     <span class='ocr_line' id='line_1_10' title="bbox 111 919 1447 1000; baseline -0.001 -17"><span class='ocrx_word' id='word_1_57' title='bbox 111 938 176 984; x_wconf 86' lang='lat' dir='ltr'>ut</span> <span class='ocrx_word' id='word_1_58' title='bbox 191 920 424 996; x_wconf 85' lang='lat' dir='ltr'>dicitur,</span> <span class='ocrx_word' id='word_1_59' title='bbox 445 920 632 997; x_wconf 79' lang='lat' dir='ltr'><strong>digitis</strong></span> <span class='ocrx_word' id='word_1_60' title='bbox 659 919 981 1000; x_wconf 66' lang='lat' dir='ltr'>attigissent,</span> <span class='ocrx_word' id='word_1_61' title='bbox 1002 919 1093 982; x_wconf 75' lang='lat' dir='ltr'>sed</span> <span class='ocrx_word' id='word_1_62' title='bbox 1118 922 1219 1000; x_wconf 82' lang='lat' dir='ltr'>qui</span> <span class='ocrx_word' id='word_1_63' title='bbox 1234 937 1329 982; x_wconf 87' lang='lat' dir='ltr'>to·</span> <span class='ocrx_word' id='word_1_64' title='bbox 1442 959 1447 964; x_wconf 85' lang='lat'><strong>·</strong></span> 
     </span>
    </p>
   </div>
   <div class='ocr_carea' id='block_1_4' title="bbox 99 1004 1405 2552">
    <p class='ocr_par' dir='ltr' id='par_1_4' title="bbox 99 1004 1405 2552">
     <span class='ocr_line' id='line_1_11' title="bbox 110 1004 1327 1087; baseline -0.001 -19"><span class='ocrx_word' id='word_1_65' title='bbox 110 1023 226 1068; x_wconf 82' lang='lat' dir='ltr'>tam</span> <span class='ocrx_word' id='word_1_66' title='bbox 259 1004 684 1068; x_wconf 76' lang='lat' dir='ltr'>adolescentiam</span> <span class='ocrx_word' id='word_1_67' title='bbox 727 1005 1109 1087; x_wconf 77' lang='lat' dir='ltr'>voluptatibus</span> <span class='ocrx_word' id='word_1_68' title='bbox 1148 1005 1327 1068; x_wconf 77' lang='lat' dir='ltr'>dedis-</span> 
     </span>
     <span class='ocr_line' id='line_1_12' title="bbox 110 1089 1329 1171; baseline 0 -17"><span class='ocrx_word' id='word_1_69' title='bbox 110 1089 524 1170; x_wconf 71' lang='lat' dir='ltr'>sent‚emerfi1st</span> <span class='ocrx_word' id='word_1_70' title='bbox 541 1092 867 1171; x_wconf 84' lang='lat' dir='ltr'>aliquando,</span> <span class='ocrx_word' id='word_1_71' title='bbox 890 1108 947 1150; x_wconf 88' lang='lat' dir='ltr'>et</span> <span class='ocrx_word' id='word_1_72' title='bbox 962 1091 1013 1152; x_wconf 72' lang='lat' dir='ltr'>st</span> <span class='ocrx_word' id='word_1_73' title='bbox 1028 1092 1097 1154; x_wconf 84' lang='lat' dir='ltr'>ad</span> <span class='ocrx_word' id='word_1_74' title='bbox 1112 1092 1329 1170; x_wconf 73' lang='lat' dir='ltr'>frugem</span> 
     </span>
     <span class='ocr_line' id='line_1_13' title="bbox 108 1175 1329 1258; baseline -0.002 -18"><span class='ocrx_word' id='word_1_75' title='bbox 108 1177 690 1254; x_wconf 79' lang='lat' dir='ltr'>bonam,-ut-dicitur,</span> <span class='ocrx_word' id='word_1_76' title='bbox 721 1175 997 1256; x_wconf 68' lang='lat' dir='ltr'>recepist,</span> <span class='ocrx_word' id='word_1_77' title='bbox 1026 1177 1329 1258; x_wconf 80' lang='lat' dir='ltr'>gravesque</span> 
     </span>
     <span class='ocr_line' id='line_1_14' title="bbox 108 1261 1329 1342; baseline 0 -16"><span class='ocrx_word' id='word_1_78' title='bbox 108 1267 377 1326; x_wconf 77' lang='lat' dir='ltr'>homines</span> <span class='ocrx_word' id='word_1_79' title='bbox 393 1277 558 1342; x_wconf 84' lang='lat' dir='ltr'>atque</span> <span class='ocrx_word' id='word_1_80' title='bbox 575 1261 1157 1324; x_wconf 61' lang='lat' dir='ltr'>illuffietffiiffedatur</span> <span class='ocrx_word' id='word_1_81' title='bbox 1176 1265 1329 1326; x_wconf 77' lang='lat' dir='ltr'>euim</span> 
     </span>
     <span class='ocr_line' id='line_1_15' title="bbox 107 1349 1325 1430; baseline -0.001 -18"><span class='ocrx_word' id='word_1_82' title='bbox 107 1349 376 1412; x_wconf 82' lang='lat' dir='ltr'>cuncefl&#39;u</span> <span class='ocrx_word' id='word_1_83' title='bbox 399 1349 650 1408; x_wconf 82' lang='lat' dir='ltr'>onmium</span> <span class='ocrx_word' id='word_1_84' title='bbox 672 1351 799 1410; x_wconf 80' lang='lat' dir='ltr'>huic</span> <span class='ocrx_word' id='word_1_85' title='bbox 821 1349 1021 1430; x_wconf 69' lang='lat' dir='ltr'>aliquis</span> <span class='ocrx_word' id='word_1_86' title='bbox 1048 1349 1217 1410; x_wconf 75' lang='lat' dir='ltr'>ludus</span> <span class='ocrx_word' id='word_1_87' title='bbox 1228 1371 1325 1410; x_wconf 77' lang='lat' dir='ltr'>ae-</span> 
     </span>
     <span class='ocr_line' id='line_1_16' title="bbox 106 1433 1327 1516; baseline 0 -18"><span class='ocrx_word' id='word_1_88' title='bbox 106 1441 238 1512; x_wconf 84' lang='lat' dir='ltr'>tati,</span> <span class='ocrx_word' id='word_1_89' title='bbox 261 1452 320 1495; x_wconf 90' lang='lat' dir='ltr'>et</span> <span class='ocrx_word' id='word_1_90' title='bbox 334 1433 450 1516; x_wconf 85' lang='lat' dir='ltr'>ipsa</span> <span class='ocrx_word' id='word_1_91' title='bbox 469 1451 666 1494; x_wconf 84' lang='lat' dir='ltr'>natura</span> <span class='ocrx_word' id='word_1_92' title='bbox 686 1434 981 1515; x_wconf 84' lang='lat' dir='ltr'>profundit</span> <span class='ocrx_word' id='word_1_93' title='bbox 1010 1435 1327 1498; x_wconf 79' lang='lat' dir='ltr'>adolescen-</span> 
     </span>
     <span class='ocr_line' id='line_1_17' title="bbox 105 1518 1329 1602; baseline -0.002 -18"><span class='ocrx_word' id='word_1_94' title='bbox 105 1527 224 1584; x_wconf 82' lang='lat' dir='ltr'>tiae</span> <span class='ocrx_word' id='word_1_95' title='bbox 246 1521 580 1602; x_wconf 77' lang='lat' dir='ltr'>cupiditates</span> <span class='ocrx_word' id='word_1_96' title='bbox 597 1543 624 1593; x_wconf 27' lang='lat'>:-</span> <span class='ocrx_word' id='word_1_97' title='bbox 637 1540 780 1599; x_wconf 86' lang='lat' dir='ltr'>quae</span> <span class='ocrx_word' id='word_1_98' title='bbox 793 1518 834 1580; x_wconf 86' lang='lat' dir='ltr'>fi</span> <span class='ocrx_word' id='word_1_99' title='bbox 849 1522 929 1580; x_wconf 84' lang='lat' dir='ltr'>ita</span> <span class='ocrx_word' id='word_1_100' title='bbox 944 1537 1329 1601; x_wconf 83' lang='lat' dir='ltr'>erumpuut‚ut</span> 
     </span>
     <span class='ocr_line' id='line_1_18' title="bbox 105 1605 1329 1681; baseline -0.002 -11"><span class='ocrx_word' id='word_1_101' title='bbox 105 1607 328 1670; x_wconf 82' lang='lat' dir='ltr'>nullius</span> <span class='ocrx_word' id='word_1_102' title='bbox 343 1609 519 1666; x_wconf 82' lang='lat' dir='ltr'>vitam</span> <span class='ocrx_word' id='word_1_103' title='bbox 533 1605 1051 1681; x_wconf 55' lang='lat' dir='ltr'>labefactentfflulliu</span> <span class='ocrx_word' id='word_1_104' title='bbox 1060 1627 1085 1666; x_wconf 75' lang='lat' dir='ltr'>t</span> <span class='ocrx_word' id='word_1_105' title='bbox 1098 1605 1329 1668; x_wconf 84' lang='lat' dir='ltr'>domum</span> 
     </span>
     <span class='ocr_line' id='line_1_19' title="bbox 101 1690 1331 1767; baseline 0 -12"><span class='ocrx_word' id='word_1_106' title='bbox 101 1709 400 1767; x_wconf 80' lang='lat' dir='ltr'>evertant,</span> <span class='ocrx_word' id='word_1_107' title='bbox 419 1690 608 1750; x_wconf 80' lang='lat' dir='ltr'>faciles</span> <span class='ocrx_word' id='word_1_108' title='bbox 621 1705 678 1750; x_wconf 88' lang='lat' dir='ltr'>et</span> <span class='ocrx_word' id='word_1_109' title='bbox 699 1691 1009 1752; x_wconf 77' lang='lat' dir='ltr'>tolerabiles</span> <span class='ocrx_word' id='word_1_110' title='bbox 1038 1694 1225 1754; x_wconf 85' lang='lat' dir='ltr'>haberi</span> <span class='ocrx_word' id='word_1_111' title='bbox 1236 1691 1331 1756; x_wconf 87' lang='lat' dir='ltr'>so·</span> 
     </span>
     <span class='ocr_line' id='line_1_20' title="bbox 99 1776 1329 1842; baseline -0.001 -1"><span class='ocrx_word' id='word_1_112' title='bbox 99 1781 258 1842; x_wconf 86' lang='lat' dir='ltr'>lent.</span> <span class='ocrx_word' id='word_1_113' title='bbox 307 1776 400 1838; x_wconf 83' lang='lat' dir='ltr'>sed</span> <span class='ocrx_word' id='word_1_114' title='bbox 425 1792 485 1836; x_wconf 87' lang='lat' dir='ltr'>tu</span> <span class='ocrx_word' id='word_1_115' title='bbox 507 1779 642 1836; x_wconf 88' lang='lat' dir='ltr'>mihi</span> <span class='ocrx_word' id='word_1_116' title='bbox 664 1776 923 1838; x_wconf 82' lang='lat' dir='ltr'>videbare</span> <span class='ocrx_word' id='word_1_117' title='bbox 950 1799 1025 1838; x_wconf 82' lang='lat' dir='ltr'>ex</span> <span class='ocrx_word' id='word_1_118' title='bbox 1040 1779 1329 1840; x_wconf 82' lang='lat' dir='ltr'>communi</span> 
     </span>
     <span class='ocr_line' id='line_1_21' title="bbox 101 1862 1329 1942; baseline 0 -16"><span class='ocrx_word' id='word_1_119' title='bbox 101 1865 346 1926; x_wconf 74' lang='lat' dir='ltr'>infamia</span> <span class='ocrx_word' id='word_1_120' title='bbox 352 1863 666 1940; x_wconf 72' lang='lat' dir='ltr'>juventutis</span> <span class='ocrx_word' id='word_1_121' title='bbox 675 1862 909 1942; x_wconf 81' lang='lat' dir='ltr'>aliquam</span> <span class='ocrx_word' id='word_1_122' title='bbox 920 1865 1183 1926; x_wconf 79' lang='lat' dir='ltr'>invidiam</span> <span class='ocrx_word' id='word_1_123' title='bbox 1195 1871 1329 1926; x_wconf 83' lang='lat' dir='ltr'>Cae·</span> 
     </span>
     <span class='ocr_line' id='line_1_22' title="bbox 102 1949 1329 2028; baseline -0.002 -16"><span class='ocrx_word' id='word_1_124' title='bbox 102 1952 190 2011; x_wconf 80' lang='lat' dir='ltr'>lio</span> <span class='ocrx_word' id='word_1_125' title='bbox 205 1949 358 2012; x_wconf 80' lang='lat' dir='ltr'>velle</span> <span class='ocrx_word' id='word_1_126' title='bbox 375 1949 642 2008; x_wconf 83' lang='lat' dir='ltr'>conflare.</span> <span class='ocrx_word' id='word_1_127' title='bbox 690 1949 879 2028; x_wconf 74' lang='lat' dir='ltr'>itaque</span> <span class='ocrx_word' id='word_1_128' title='bbox 906 1969 1077 2010; x_wconf 88' lang='lat' dir='ltr'>omne</span> <span class='ocrx_word' id='word_1_129' title='bbox 1098 1950 1237 2012; x_wconf 83' lang='lat' dir='ltr'>illud</span> <span class='ocrx_word' id='word_1_130' title='bbox 1258 1949 1329 2010; x_wconf 85' lang='lat' dir='ltr'>fi·</span> 
     </span>
     <span class='ocr_line' id='line_1_23' title="bbox 106 2033 1331 2113; baseline 0 -17"><span class='ocrx_word' id='word_1_131' title='bbox 106 2033 532 2113; x_wconf 85' lang='lat' dir='ltr'>lentium‚quod</span> <span class='ocrx_word' id='word_1_132' title='bbox 549 2033 624 2094; x_wconf 84' lang='lat' dir='ltr'>est</span> <span class='ocrx_word' id='word_1_133' title='bbox 637 2037 881 2094; x_wconf 81' lang='lat' dir='ltr'>orationi</span> <span class='ocrx_word' id='word_1_134' title='bbox 896 2037 1163 2096; x_wconf 84' lang='lat' dir='ltr'>tributum</span> <span class='ocrx_word' id='word_1_135' title='bbox 1177 2052 1331 2112; x_wconf 80' lang='lat' dir='ltr'>tuae,</span> 
     </span>
     <span class='ocr_line' id='line_1_24' title="bbox 108 2117 1327 2200; baseline -0.001 -18"><span class='ocrx_word' id='word_1_136' title='bbox 108 2122 224 2182; x_wconf 78' lang='lat' dir='ltr'>fuit</span> <span class='ocrx_word' id='word_1_137' title='bbox 239 2123 316 2180; x_wconf 91' lang='lat' dir='ltr'>ob</span> <span class='ocrx_word' id='word_1_138' title='bbox 339 2141 459 2180; x_wconf 81' lang='lat' dir='ltr'>eam</span> <span class='ocrx_word' id='word_1_139' title='bbox 489 2117 726 2194; x_wconf 83' lang='lat' dir='ltr'>causam,</span> <span class='ocrx_word' id='word_1_140' title='bbox 755 2121 911 2199; x_wconf 89' lang='lat' dir='ltr'>quod</span> <span class='ocrx_word' id='word_1_141' title='bbox 942 2141 1060 2180; x_wconf 85' lang='lat' dir='ltr'>uno</span> <span class='ocrx_word' id='word_1_142' title='bbox 1082 2141 1179 2180; x_wconf 86' lang='lat' dir='ltr'>reo</span> <span class='ocrx_word' id='word_1_143' title='bbox 1194 2141 1327 2200; x_wconf 85' lang='lat' dir='ltr'>pro·</span> 
     </span>
     <span class='ocr_line' id='line_1_25' title="bbox 107 2205 1325 2289; baseline 0.001 -23"><span class='ocrx_word' id='word_1_144' title='bbox 107 2205 302 2289; x_wconf 83' lang='lat' dir='ltr'>pofito</span> <span class='ocrx_word' id='word_1_145' title='bbox 324 2205 394 2264; x_wconf 89' lang='lat' dir='ltr'>de</span> <span class='ocrx_word' id='word_1_146' title='bbox 423 2205 728 2264; x_wconf 81' lang='lat' dir='ltr'>multorum</span> <span class='ocrx_word' id='word_1_147' title='bbox 749 2207 905 2266; x_wconf 75' lang='lat' dir='ltr'>vitiis</span> <span class='ocrx_word' id='word_1_148' title='bbox 926 2208 1325 2283; x_wconf 81' lang='lat' dir='ltr'>cogitabamus.</span> 
     </span>
     <span class='ocr_line' id='line_1_26' title="bbox 107 2288 1331 2368; baseline -0.002 -14"><span class='ocrx_word' id='word_1_149' title='bbox 107 2292 280 2354; x_wconf 86' lang='lat' dir='ltr'>facile</span> <span class='ocrx_word' id='word_1_150' title='bbox 295 2289 372 2350; x_wconf 88' lang='lat' dir='ltr'>est</span> <span class='ocrx_word' id='word_1_151' title='bbox 385 2288 633 2350; x_wconf 85' lang='lat' dir='ltr'>accusare</span> <span class='ocrx_word' id='word_1_152' title='bbox 644 2290 943 2352; x_wconf 82' lang='lat' dir='ltr'>luxuriem.</span> <span class='ocrx_word' id='word_1_153' title='bbox 966 2291 1083 2350; x_wconf 72' lang='lat' dir='ltr'>dies</span> <span class='ocrx_word' id='word_1_154' title='bbox 1098 2291 1215 2368; x_wconf 79' lang='lat' dir='ltr'>jam</span> <span class='ocrx_word' id='word_1_155' title='bbox 1238 2312 1331 2352; x_wconf 88' lang='lat' dir='ltr'>me</span> 
     </span>
     <span class='ocr_line' id='line_1_27' title="bbox 109 2374 1405 2454; baseline -0.003 -14"><span class='ocrx_word' id='word_1_156' title='bbox 109 2376 364 2451; x_wconf 83' lang='lat' dir='ltr'>deficiet,</span> <span class='ocrx_word' id='word_1_157' title='bbox 387 2374 452 2451; x_wconf 80' lang='lat' dir='ltr'>fi,</span> <span class='ocrx_word' id='word_1_158' title='bbox 479 2395 620 2454; x_wconf 84' lang='lat' dir='ltr'>quae</span> <span class='ocrx_word' id='word_1_159' title='bbox 641 2374 752 2436; x_wconf 86' lang='lat' dir='ltr'>dici</span> <span class='ocrx_word' id='word_1_160' title='bbox 771 2377 834 2436; x_wconf 83' lang='lat' dir='ltr'>in</span> <span class='ocrx_word' id='word_1_161' title='bbox 849 2397 969 2436; x_wconf 83' lang='lat' dir='ltr'>eam</span> <span class='ocrx_word' id='word_1_162' title='bbox 1000 2374 1327 2436; x_wconf 76' lang='lat' dir='ltr'>sententiam</span> <span class='ocrx_word' id='word_1_163' title='bbox 1396 2409 1405 2418; x_wconf 94' lang='lat'><strong>·</strong></span> 
     </span>
     <span class='ocr_line' id='line_1_28' title="bbox 105 2460 1331 2552; baseline -0.006 -24"><span class='ocrx_word' id='word_1_164' title='bbox 105 2460 371 2548; x_wconf 66' lang='lat' dir='ltr'>poffuut,</span> <span class='ocrx_word' id='word_1_165' title='bbox 391 2481 566 2526; x_wconf 81' lang='lat' dir='ltr'>coner</span> <span class='ocrx_word' id='word_1_166' title='bbox 573 2481 934 2544; x_wconf 80' lang='lat' dir='ltr'>expromere:</span> <span class='ocrx_word' id='word_1_167' title='bbox 958 2460 1331 2552; x_wconf 50' lang='lat' dir='ltr'>decotruptee</span> 
     </span>
    </p>
   </div>
  </div>
 </body>
</html>
