1717 3092
357 179 469 260 316
618 175 1021 233 ORATIO
1072 177 1263 233 PRO

352 305 487 360 vos,
508 279 719 362 equites
744 279 1009 354 Romani,
1031 277 1128 355 jus
1151 297 1182 336 a
1203 281 1460 359 patribus
1475 302 1568 344 ac-

358 386 577 453 ceptum
608 365 914 426 amittetis?
955 383 1184 440 moneo,
1213 385 1288 424 ne
1319 366 1570 430 faciatis.

352 459 639 538 rapientur
652 452 905 514 homines
915 452 975 512 in
989 453 1122 511 haec
1129 451 1344 527 judicia
1359 475 1434 514 ex
1447 477 1574 516 om·

351 546 416 608 ni
438 563 559 604 non
581 540 749 602 modo
764 536 994 612 invidia,
1018 534 1110 600 sed
1125 536 1378 601 sermone
1391 544 1572 604 male-

353 631 639 702 velorum,
660 625 765 688 nifi
778 627 1008 685 cavetis.
1041 624 1082 684 fi
1091 624 1215 700 jam
1229 629 1394 687 vobis
1416 649 1574 692 nun-

355 721 588 780 tiaretur
600 718 663 773 in
686 713 874 773 senatu
903 708 1208 771 sententias
1231 711 1366 788 dici,
1395 732 1462 775 ut
1479 719 1570 778 his

352 805 565 883 legibus
574 798 1368 870 teneremini‚concurrendum
1378 802 1450 862 ad
1469 825 1570 863 cu·

352 893 493 953 riam
510 890 799 970 putaretis.
844 883 886 944 fi
900 883 996 943 lex
1009 885 1266 960 ferretur,
1287 890 1572 950 convola-

348 979 489 1040 retis
512 974 581 1035 ad
607 972 818 1034 Rostra.
863 991 974 1032 vos
989 971 1208 1034 senatus
1223 972 1440 1036 liberos
1465 979 1570 1038 hac

354 1065 481 1144 lege
494 1060 595 1122 effe
608 1059 821 1120 voluit:
853 1057 1094 1140 populus
1125 1079 1417 1139 nunquam
1441 1063 1568 1123 alli-

354 1152 539 1229 gavit:
581 1145 744 1206 soluti
773 1150 883 1206 bue
911 1145 1283 1207 convenistis:
1318 1169 1394 1208 ne
1422 1171 1566 1210 con·

352 1237 519 1298 striffl
546 1232 857 1308 discedatis,
887 1247 1095 1294 cavete.
1141 1253 1291 1308 nam,
1315 1232 1357 1293 fi
1375 1235 1566 1296 Postu.

352 1345 452 1385 mo
468 1321 647 1384 fraudi
677 1319 865 1396 fuerit,
889 1323 1113 1400 quince
1143 1320 1427 1396 tribunus,
1460 1345 1566 1385 nec

352 1407 682 1488 praefestus,
706 1427 811 1468 nee
838 1427 912 1466 ex
933 1405 1094 1466 Italia
1123 1427 1336 1482 eomes,
1361 1429 1470 1470 nee
1485 1410 1560 1470 fa*

352 1495 581 1558 miliat-is
606 1494 830 1553 Gabinii
858 1492 995 1553 fuitt
1017 1513 1264 1574 quonam
1305 1494 1362 1554 se
1391 1496 1564 1558 modo

353 1581 651 1646 defendent
665 1578 1010 1659 posthac,qui
1026 1579 1186 1641 vestri
1201 1581 1422 1641 ordinis
1438 1605 1561 1644 cum

354 1667 755 1752 magistratibus
792 1665 994 1726 nostris
1023 1665 1230 1726 fuerint
1265 1669 1354 1726 his
1391 1669 1560 1730 causis

354 1755 651 1834 implicati?
692 1769 776 1828 tu,
804 1755 1012 1832 inquit,
1035 1755 1365 1829 Gabinium,
1394 1770 1460 1814 ut
1480 1776 1564 1815 re-

357 1857 483 1920 gem
513 1841 819 1912 reduceret,
860 1838 1139 1920 impulisti.
1187 1859 1308 1899 non
1356 1843 1563 1920 patitur

356 1947 480 1990 mea
502 1949 589 1988 me
600 1927 714 2005 jam
730 1924 866 1985 fides
881 1925 949 1984 de
969 1928 1213 1986 Gabinio
1243 1930 1473 2005 gravius
1505 1951 1562 1988 a·

358 2035 513 2094 gere.
530 2033 693 2094 quem
708 2013 858 2071 enim
875 2033 949 2072 ex
965 2014 1137 2073 tantis
1155 2014 1464 2074 inimicitiis
1481 2037 1561 2074 re-

359 2117 581 2182 ceptum
604 2102 665 2160 in
679 2101 910 2176 gratiam
939 2098 1152 2159 summo
1173 2098 1352 2159 studio
1371 2100 1562 2160 defen-

360 2188 557 2261 derim,
573 2190 720 2246 hunc
736 2184 988 2246 afflietum
1003 2186 1214 2247 violare
1229 2207 1349 2246 non
1367 2187 1561 2248 debeo}

359 2293 603 2354 quocum
618 2272 789 2332 stante
810 2269 849 2330 fi
865 2291 954 2330 me
975 2278 1087 2332 Cn.
1114 2275 1363 2352 Pompeii
1378 2278 1559 2334 austo-

358 2360 495 2424 ritas
528 2361 588 2418 in
618 2360 853 2436 gratiam
894 2379 1014 2418 non
1051 2357 1368 2433 reduxisset,
1415 2378 1562 2419 nunc

352 2442 474 2520 jam
496 2442 899 2523 ipfius'fortuna
921 2444 1221 2504 reduceret.
1247 2443 1336 2504 std
1356 2460 1559 2519 tamen,

358 2547 484 2590 mm
499 2530 577 2594 ita
588 2527 993 2606 dicis,1³ostumi
1005 2530 1240 2610 impuisu
1257 2531 1558 2594 Gabinium

1689 2677 1691 2696 -—
1688 2505 1696 2598 ——F
