1717 3092
381 96 492 164 168
695 98 1247 156 ORATto

375 199 512 262 filii:
551 199 766 260 nullum
789 219 913 260 non
936 198 1107 260 modo
1132 196 1360 275 illustre,
1402 199 1501 262 sed
1524 221 1601 264 ne

376 304 576 348 notum
607 286 830 366 quidem
859 285 1063 346 fuitum
1088 301 1181 344 aut
1204 286 1471 363 militiae,
1502 304 1599 348 aut

373 373 550 436 domi.
569 370 840 452 obrepfisti
857 371 927 431 ad
934 372 1189 430 bonores
1204 392 1394 432 errore
1406 376 1597 434 homi-

377 481 537 534 num,
559 458 1041 520 commendatione
1074 456 1419 520 fumosarum
1453 461 1596 520 ima·

369 549 598 628 ginum:
625 564 854 623 quarum
870 542 1037 602 fimile
1056 545 1223 618 habes
1242 545 1413 626 nihil,
1433 566 1597 624 prae:

371 643 458 694 rer
481 633 744 691 colorem.
795 633 844 688 is
874 631 1009 690 mihi
1042 631 1205 688 etiam
1228 625 1595 708 gloriabiturj

367 718 424 778 se
439 737 631 778 omnes
647 715 985 792 magistratus
1008 713 1121 774 fine
1136 714 1353 794 repulsa
1379 717 1587 778 affecu-

365 807 518 866 tum?
547 805 679 876 mihi
701 801 794 860 ista
807 801 943 861 licet
956 799 1023 859 de
1044 820 1133 860 me
1150 821 1285 861 vera
1309 821 1444 862 cum
1458 803 1587 882 glo·

367 892 452 951 ria
474 889 805 969 praedicare.
829 905 1026 946 omnes
1040 889 1189 946 enim
1206 889 1463 948 honores
1482 910 1585 966 po·

365 976 532 1058 pulus
558 982 842 1034 Romanus
859 971 1129 1053 mihiipsi,
1149 973 1370 1032 homini
1397 995 1583 1052 novo,

365 1061 588 1130 detulit.
635 1073 854 1133 nam,tu
876 1077 1000 1117 cum
1022 1057 1276 1138 quaestor
1290 1077 1353 1118 es
1378 1059 1579 1150 faessus,

366 1143 530 1208 etiam
555 1145 652 1226 qui
683 1160 738 1205 te
767 1162 1054 1224 nunquam
1083 1141 1362 1226 viderant,
1386 1162 1575 1208 tamen

361 1229 519 1296 filum
535 1235 809 1292 honorem
831 1232 1048 1290 nomini
1080 1230 1429 1294 mandabant
1442 1249 1569 1292 tuo.

364 1317 553 1379 aedilis
585 1339 644 1376 es
675 1317 869 1378 faetus.
918 1314 1041 1376 Piso
1072 1315 1193 1375 esta
1215 1319 1431 1398 populo
1456 1325 1567 1379 Ro·

363 1425 536 1465 mano
554 1403 871 1477 faetusfflon
885 1400 978 1461 iste
994 1399 1138 1462 Piso.
1163 1419 1423 1483 praetura
1437 1407 1562 1465 item

359 1491 660 1570 maj0ribus
691 1489 871 1548 delata
891 1486 963 1547 est
992 1489 1124 1547 tuis.
1171 1489 1297 1548 noti
1316 1489 1561 1550 erantilli

360 1579 603 1638 fnortui.
621 1589 676 1634 te
690 1576 882 1636 vivum
898 1573 1151 1634 nondum
1162 1592 1406 1636 noverat
1420 1573 1557 1655 quis-

359 1681 546 1748 quam.
574 1683 662 1722 me
678 1681 800 1722 cum
817 1658 1185 1740 quaestorem
1168 1681 1227 1719 m
1251 1663 1554 1739 primis,ae·

357 1739 526 1809 dilem
545 1751 806 1826 priorem,
817 1761 1123 1826 praetorem
1140 1748 1379 1826 primum
1396 1769 1553 1810 cunc·

360 1835 434 1894 fis
458 1831 724 1909 suffragiis
743 1833 979 1914 populus
1000 1839 1285 1892 Romanus
1301 1833 1551 1895 faciebat·

355 1921 572 1981 homini
588 1919 676 1978 ille
691 1923 985 1993 honorem,
1010 1938 1128 1977 non
1144 1921 1366 1995 generi·
1350 1967 1369 1991 ‚
1391 1921 1549 1980 mori-

355 2009 485 2082 bus,
509 2027 628 2066 non
667 2005 971 2081 majoribus
990 2007 1175 2076 meisi,
1158 2027 1172 2042 ·
1215 2007 1411 2064 virtuti
1430 2026 1545 2084 per·

355 2091 708 2172 spefiae‚non
727 2089 940 2148 auditae
962 2090 1244 2150 nobilitati
1260 2089 1541 2152 deferebat.

355 2185 487 2240 nam
502 2177 637 2259 quid
653 2197 758 2254 ego
771 2175 840 2234 de
857 2174 1143 2236 consulatu
1168 2175 1395 2254 loquar?
1429 2197 1543 2257 par-

317 2287 324 2292 ·
355 2280 421 2322 to
435 2265 547 2338 vis,
585 2281 730 2322 anne
759 2260 941 2338 gesto.
926 2263 947 2304 θ
976 2259 1229 2320 miserum
1260 2267 1389 2321 me!
1424 2281 1543 2324 cum

353 2351 456 2408 hac
473 2369 560 2407 me
581 2369 733 2408 nunc
757 2345 921 2428 peste,
944 2362 1109 2425 atque
1139 2346 1259 2408 labe
1274 2347 1533 2408 confero.
1518 2348 1540 2388 ³

356 2427 451 2494 sed
465 2433 606 2498 nihil
618 2432 977 2513 comparandi
986 2431 1147 2497 causa
1161 2432 1384 2518 loquat-3
1396 2455 1451 2500 ac
1464 2449 1541 2497 ta-
