1717 3092
318 149 428 200 212
627 139 681 198 0
731 140 781 196 R
831 137 883 194 A
935 139 996 196 Τ
1043 139 1074 196 Ι
1121 139 1174 196 Ο
1264 151 1272 156 ·

317 238 483 304 luisti.
522 237 641 318 jam
654 238 833 319 vides,
854 238 1308 322 quandoquidem
1321 239 1402 302 ita
1415 239 1530 303 mi·

320 328 493 388 himet
506 326 588 388 fui
602 329 881 403 inimicus,
902 343 967 388 nt
988 349 1078 390 me
1099 344 1284 390 tecum
1297 349 1530 408 compa-

318 428 589 489 tarem,et
600 411 890 492 digreffum
903 435 1110 491 meum,
1127 429 1183 475 et
1197 413 1530 491 absentiam,

319 514 378 559 et
406 500 643 563 reditum
672 502 749 560 ita
778 501 948 579 longe
978 517 1078 562 tuo
1093 499 1432 582 praestitiffe,
1458 517 1532 562 ut

320 587 457 646 mihi
478 587 573 647 illa
584 589 777 648 omnia
790 588 1158 648 immortalem
1175 586 1406 666 gloriam
1423 587 1532 648 de·

320 671 531 750 derint,
566 674 667 734 tibi
696 671 1082 754 sempiternam
1119 673 1532 752 turpitudinem

318 759 651 820 inflixerint.
698 781 851 820 nunc
865 763 1032 822 etiam
1043 763 1107 822 in
1129 764 1231 821 hac
1246 761 1536 839 quotidia-

320 865 421 920 na,
448 844 669 921 affidua,
695 848 1011 928 urbanaque
1038 849 1156 908 vita
1179 847 1536 926 splendorem

320 933 1142 1010 tuum,gratiam,ee}ebritatem
1153 932 1538 1008 domesticam,

320 1036 547 1099 operam
576 1017 870 1096 forensem,
907 1019 1215 1095 confilium,
1237 1017 1536 1094 auxilium,

323 1105 1054 1182 au&oritatem,sententiam
1068 1104 1540 1178 senatoriam,no-

323 1191 435 1268 bis,
462 1208 583 1269 ant,
602 1209 664 1254 ut
678 1195 866 1255 verius
879 1192 1078 1268 dicam,
1093 1194 1350 1274 cuiquam
1363 1211 1422 1250 es
1439 1193 1540 1254 in··.

322 1275 707 1354 firmissimo,ac
722 1277 1136 1359 desperatiffimo
1157 1277 1536 1340 antelaturus?

328 1369 475 1441 Age,
505 1362 723 1428 senatus
740 1365 862 1426 odit
877 1381 955 1439 te,
976 1365 1128 1445 quod
1151 1386 1278 1426 eum
1298 1380 1358 1424 tu
1381 1364 1536 1424 face-
1557 1381 1620 1430 27

328 1470 390 1514 re
404 1451 531 1529 jure
544 1454 825 1526 concedis,
854 1452 1166 1512 afflietorem
1173 1495 1191 1528 ,
1213 1468 1271 1511 et
1283 1451 1540 1532 perdito·

328 1557 447 1598 rem
468 1559 587 1600 non
608 1540 779 1604 modo
808 1538 1120 1617 dignitatis,
1155 1554 1210 1598 et
1233 1540 1548 1600 auetorita-

328 1627 429 1701 εἰς,
458 1624 549 1686 sed
570 1629 803 1688 omnino
818 1626 1060 1701 ordinis,
1083 1647 1147 1686 ae
1161 1626 1404 1684 nominis
1421 1623 1536 1686 sui·

329 1711 519 1772 videre
532 1714 741 1790 equites
760 1713 998 1774 Romani
1022 1731 1142 1772 non
1155 1709 1396 1793 poss‘unt,
1411 1731 1548 1790 quo

330 1815 404 1860 ex
420 1797 615 1858 ordine
627 1800 716 1858 vir
730 1799 1204 1880 praestantiffimus
1217 1813 1274 1857 et
1293 1795 1548 1858 ornatis·

238 1917 245 1924 ·
329 1879 521 1958 fimus,
545 1888 614 1944 L.
632 1884 821 1946 Aelius
842 1884 940 1958 est,
971 1899 1026 1944 te
1047 1881 1294 1958 consule,
1321 1883 1566 1960 relega-

333 1984 459 2030 tus.
488 1969 643 2050 plebs
673 1977 926 2032 Romana
956 1970 1232 2051 perditum
1261 1971 1437 2049 cupit,
1469 1973 1554 2034 in

335 2057 493 2138 eujus
516 2071 577 2116 tu
594 2054 872 2118 infamiam
895 2077 983 2132 ea,
1005 2077 1146 2136 quae
1167 2075 1265 2136 per
1281 2055 1546 2118 latrones

336 2157 397 2204 et
423 2163 519 2222 per
550 2142 735 2204 servos
758 2142 829 2204 de
858 2163 948 2203 me
967 2163 1180 2221 egeras,
1207 2139 1543 2204 contulisti.
1517 2165 1544 2182 ·

337 2228 501 2288 Italia
536 2233 731 2290 cunda
760 2244 1072 2304 execratur,
1119 2230 1280 2306 cnjus
1303 2227 1450 2291 idem
1473 2242 1554 2290 tu

333 2309 693 2388 superbiffime
705 2313 926 2374 decreta
937 2330 997 2376 et
1010 2334 1198 2394 preces
1222 2311 1582 2394 repudiasti.

331 2393 422 2453 fac
438 2396 601 2470 hujus
622 2397 735 2458 odii
754 2401 922 2474 tanti,
935 2419 1000 2460 ac
1012 2412 1127 2458 tam
1143 2397 1375 2458 univerfi
1388 2401 1549 2477 peri-

203 2520 208 2524 ·
330 2475 543 2554 culum,
571 2478 609 2546 fi
630 2481 817 2546 audes.
857 2483 1067 2549 instant
1095 2481 1220 2565 post
1244 2484 1550 2552 hominum
