1717 3092
492 147 566 222 Q.
620 147 1115 206 LIGARIO
1276 147 1390 227 369

182 246 336 310 aisti.
381 269 450 309 an
474 248 724 330 sperandi
747 250 970 327 Ligario
992 246 1143 310 causa
1159 267 1276 308 non
1293 248 1382 326 fit,

180 355 317 396 cum
332 339 463 396 mihi
487 336 629 416 apud
647 352 700 394 te
714 331 778 394 fit
808 335 966 395 locus
988 336 1151 395 etiam
1169 356 1272 414 pro
1303 335 1386 394 al

180 437 311 480 tero
322 421 994 502 deprecandi?quanquam
1015 441 1192 501 neque
1205 423 1264 480 in
1280 423 1384 482 hac

132 507 143 516 ‘
180 511 443 568 oratione
460 507 575 588 spes
592 507 665 567 est
678 506 851 588 pofita
869 507 1072 581 causae,
1091 509 1269 568 necin
1287 527 1384 567 eo·

79 679 145 719 11

178 595 311 652 'rum
335 592 543 670 studiis,
570 595 665 673 qui
682 614 713 652 a
728 608 783 651 te
798 615 901 672 pro
921 595 1146 672 Ligario
1161 607 1382 673 petunt,

180 681 271 738 tui
293 678 589 741 neceffarii.
724 679 860 740 vidi
891 683 1062 756 enim,
1092 695 1149 738 et
1169 697 1385 757 cogno·

183 768 270 840 vi,
294 767 425 846 quid
443 768 680 826 maxime
693 765 980 846 {heim-ee,
1005 787 1131 826 cum
1161 785 1264 846 pro
1290 765 1387 826 ali·

182 851 277 930 cuj
285 873 347 911 us
365 849 532 912 salute
546 851 705 912 multi
730 853 1079 912 laborarent:
1113 850 1299 912 causas
1321 872 1384 912 a·

180 937 300 1018 pud
318 953 373 997 te
395 940 706 1017 rogantium
729 937 1075 1016 gratiosiores
1091 935 1387 1016 effe‚quam

180 1023 403 1084 vultus:
430 1043 611 1104 neque
642 1023 902 1104 spectare,
925 1027 1089 1104 qu'am
1113 1039 1242 1084 tuus
1257 1021 1388 1086 effizt

178 1110 505 1171 necess'arius
522 1114 593 1185 is,
624 1112 719 1189 qui
735 1126 791 1170 te
805 1127 1015 1190 oraret,
1035 1107 1121 1171 sed
1139 1127 1300 1190 quam
1316 1107 1384 1170 il·

177 1196 315 1271 lius»,
360 1217 464 1278 pro
488 1216 602 1276 quo
632 1198 923 1256 laboraret.
967 1201 1156 1277 itaque
1186 1197 1382 1258 tribuis

176 1298 243 1342 tu
262 1284 478 1363 quidem
496 1285 604 1343 tuis
624 1285 697 1342 ita
713 1281 909 1359 multa,
939 1299 1002 1343 ut
1016 1285 1150 1342 mihi
1167 1283 1378 1346 beatio·

176 1389 269 1428 res
292 1369 371 1429 ini
403 1367 503 1429 effie
526 1370 816 1430 videantur
836 1369 1135 1446 interdum,
1165 1368 1262 1450 qui
1281 1383 1376 1431 tua

173 1453 501 1516 liberalitate
516 1455 796 1529 fruuntur,
828 1475 994 1534 quam
1018 1471 1080 1516 tu
1111 1451 1246 1535 ipse,
1275 1454 1375 1535 qui

170 1539 287 1601 illis
314 1556 425 1602 tam
456 1541 628 1602 multa
659 1541 943 1602 concedis.
989 1541 1077 1603 sed
1110 1539 1274 1602 video
1289 1555 1377 1600 ta·

169 1646 329 1702 men,
344 1629 491 1710 apud
510 1644 563 1689 te
578 1626 788 1705 causas,
812 1641 875 1688 ut
889 1628 1030 1705 dixi,
1056 1627 1374 1705 rogantium

169 1713 355 1774 valere
377 1715 524 1794 plus,
570 1735 737 1795 quam
766 1733 986 1798 preces:
1017 1716 1088 1775 ab
1124 1711 1296 1793 iisque
1315 1727 1372 1775 te

170 1802 387 1860 moveri
410 1799 1252 1881 maxime,quorumjustiffunum
1267 1798 1372 1862 do·

168 1884 345 1946 lon-em
369 1886 555 1948 videas
578 1889 638 1947 in
656 1886 914 1966 petendo.
959 1890 1018 1949 in
1045 1895 1118 1966 Q.
1137 1888 1373 1966 Ligario

169 1971 551 2052 conservando
583 1973 775 2035 multis
805 1987 867 2034 tu
897 1975 1119 2053 quidem
1147 1988 1372 2051 gratum

168 2057 336 2119 facies
357 2058 663 2120 necefl'ariis
685 2060 793 2118 tuis
815 2079 837 2133 ς
879 2059 966 2119 sed
989 2062 1118 2136 hoc,
1142 2057 1372 2137 quaeso,-

167 2142 625 2225 confidera,quod
636 2143 800 2205 soles.
826 2143 1036 2224 poffum
1051 2144 1370 2206 fortissimos

164 2229 345 2305 viros,
388 2233 647 2305 sabinos,
690 2231 791 2292 tibi
811 2230 1233 2312 probatissimos,
1275 2243 1366 2291 to·

163 2329 395 2395 tumque
406 2337 603 2395 agrum
624 2318 910 2392 Sabinum,
934 2317 1124 2378 florem
1151 2315 1363 2394 Italiae,

163 2420 230 2461 ac
256 2405 427 2462 robur
455 2402 803 2484 reipublicae,
835 2421 1169 2484 proponere.
1218 2399 1364 2462 nosti

168 2489 381 2571 optime
410 2491 687 2553 homines.
752 2490 1128 2555 animadverte
1169 2491 1372 2551 horum

708 2581 895 2653 Ως·
