<?xml version="1.0" encoding="UTF-8"?>
<!DOCTYPE html PUBLIC "-//W3C//DTD XHTML 1.0 Transitional//EN"
    "http://www.w3.org/TR/xhtml1/DTD/xhtml1-transitional.dtd">
<html xmlns="http://www.w3.org/1999/xhtml" xml:lang="en" lang="en">
 <head>
  <title>
</title>
<meta http-equiv="Content-Type" content="text/html;charset=utf-8" />
  <meta name='ocr-system' content='tesseract 3.04.00' />
  <meta name='ocr-capabilities' content='ocr_page ocr_carea ocr_par ocr_line ocrx_word'/>
</head>
<body>
  <div class='ocr_page' id='page_1' title='image "./mtulliiciceroni16unkngoog_0136.png"; bbox 0 0 1717 3092; ppageno 0'>
   <div class='ocr_carea' id='block_1_1' title="bbox 381 179 1323 255">
    <p class='ocr_par' dir='ltr' id='par_1_1' title="bbox 381 179 1323 255">
     <span class='ocr_line' id='line_1_1' title="bbox 381 179 1323 255; baseline -0.004 -14"><span class='ocrx_word' id='word_1_1' title='bbox 381 194 495 255; x_wconf 55' lang='grc' dir='ltr'>τη</span> <span class='ocrx_word' id='word_1_2' title='bbox 647 179 1073 236; x_wconf 72' lang='lat' dir='ltr'>ORATIO</span> <span class='ocrx_word' id='word_1_3' title='bbox 1124 179 1323 237; x_wconf 77' lang='lat' dir='ltr'>PRo</span> 
     </span>
    </p>
   </div>
   <div class='ocr_carea' id='block_1_2' title="bbox 365 279 1635 2613">
    <p class='ocr_par' dir='ltr' id='par_1_2' title="bbox 365 279 1635 2613">
     <span class='ocr_line' id='line_1_2' title="bbox 385 279 1588 363; baseline 0 -19"><span class='ocrx_word' id='word_1_4' title='bbox 385 283 534 344; x_wconf 82' lang='lat' dir='ltr'>sator</span> <span class='ocrx_word' id='word_1_5' title='bbox 557 279 780 360; x_wconf 81' lang='lat' dir='ltr'>fatetur,</span> <span class='ocrx_word' id='word_1_6' title='bbox 801 285 954 344; x_wconf 85' lang='lat' dir='ltr'>hunc</span> <span class='ocrx_word' id='word_1_7' title='bbox 982 285 1044 342; x_wconf 86' lang='lat' dir='ltr'>in</span> <span class='ocrx_word' id='word_1_8' title='bbox 1068 281 1357 363; x_wconf 72' lang='lat' dir='ltr'>Hispania,</span> <span class='ocrx_word' id='word_1_9' title='bbox 1371 281 1588 344; x_wconf 76' lang='lat' dir='ltr'>durissi-</span> 
     </span>
     <span class='ocr_line' id='line_1_3' title="bbox 371 368 1591 446; baseline -0.001 -15"><span class='ocrx_word' id='word_1_10' title='bbox 371 391 484 431; x_wconf 76' lang='lat' dir='ltr'>mo</span> <span class='ocrx_word' id='word_1_11' title='bbox 499 369 664 446; x_wconf 79' lang='lat' dir='ltr'>bello,</span> <span class='ocrx_word' id='word_1_12' title='bbox 685 389 812 430; x_wconf 88' lang='lat' dir='ltr'>cum</span> <span class='ocrx_word' id='word_1_13' title='bbox 829 377 905 446; x_wconf 77' lang='lat' dir='ltr'>Q.</span> <span class='ocrx_word' id='word_1_14' title='bbox 926 368 1303 445; x_wconf 86' lang='lat' dir='ltr'>Metello,cum</span> <span class='ocrx_word' id='word_1_15' title='bbox 1320 377 1389 430; x_wconf 89' lang='lat' dir='ltr'>C.</span> <span class='ocrx_word' id='word_1_16' title='bbox 1408 377 1591 430; x_wconf 78' lang='lat' dir='ltr'>Mem·</span> 
     </span>
     <span class='ocr_line' id='line_1_4' title="bbox 384 453 1635 534; baseline 0.001 -17"><span class='ocrx_word' id='word_1_17' title='bbox 384 460 525 531; x_wconf 83' lang='lat' dir='ltr'>mio,</span> <span class='ocrx_word' id='word_1_18' title='bbox 548 459 676 516; x_wconf 87' lang='lat' dir='ltr'>etin</span> <span class='ocrx_word' id='word_1_19' title='bbox 695 453 872 530; x_wconf 59' lang='lat' dir='ltr'>elane,</span> <span class='ocrx_word' id='word_1_20' title='bbox 896 472 952 515; x_wconf 82' lang='lat' dir='ltr'>et</span> <span class='ocrx_word' id='word_1_21' title='bbox 968 459 1025 514; x_wconf 79' lang='lat' dir='ltr'>in</span> <span class='ocrx_word' id='word_1_22' title='bbox 1050 458 1295 518; x_wconf 81' lang='lat' dir='ltr'>exercitu</span> <span class='ocrx_word' id='word_1_23' title='bbox 1308 455 1587 534; x_wconf 63' lang='lat' dir='ltr'>fuifst,-·et,</span> <span class='ocrx_word' id='word_1_24' title='bbox 1631 455 1635 459; x_wconf 61' lang='grc'><strong>’</strong></span> 
     </span>
     <span class='ocr_line' id='line_1_5' title="bbox 385 542 1589 624; baseline 0.002 -22"><span class='ocrx_word' id='word_1_25' title='bbox 385 559 450 603; x_wconf 74' lang='lat' dir='ltr'>ut</span> <span class='ocrx_word' id='word_1_26' title='bbox 460 545 750 624; x_wconf 76' lang='lat' dir='ltr'>Pompeius</span> <span class='ocrx_word' id='word_1_27' title='bbox 763 543 818 602; x_wconf 88' lang='lat' dir='ltr'>in</span> <span class='ocrx_word' id='word_1_28' title='bbox 833 542 1157 622; x_wconf 81' lang='lat' dir='ltr'>Hispa-niam</span> <span class='ocrx_word' id='word_1_29' title='bbox 1166 545 1589 618; x_wconf 86' lang='lat' dir='ltr'>venerit,Mem·</span> 
     </span>
     <span class='ocr_line' id='line_1_6' title="bbox 383 629 1587 710; baseline -0.001 -20"><span class='ocrx_word' id='word_1_30' title='bbox 383 631 666 710; x_wconf 85' lang='lat' dir='ltr'>miumque</span> <span class='ocrx_word' id='word_1_31' title='bbox 702 632 903 689; x_wconf 85' lang='lat' dir='ltr'>habere</span> <span class='ocrx_word' id='word_1_32' title='bbox 942 629 1282 708; x_wconf 88' lang='lat' dir='ltr'>quaestorem</span> <span class='ocrx_word' id='word_1_33' title='bbox 1318 633 1587 709; x_wconf 84' lang='lat' dir='ltr'>coeperit,</span> 
     </span>
     <span class='ocr_line' id='line_1_7' title="bbox 384 715 1589 798; baseline -0.002 -20"><span class='ocrx_word' id='word_1_34' title='bbox 384 737 672 798; x_wconf 86' lang='lat' dir='ltr'>nunquam</span> <span class='ocrx_word' id='word_1_35' title='bbox 689 739 718 776; x_wconf 83' lang='lat' dir='ltr'>a</span> <span class='ocrx_word' id='word_1_36' title='bbox 738 719 1008 776; x_wconf 88' lang='lat' dir='ltr'>Memmio</span> <span class='ocrx_word' id='word_1_37' title='bbox 1029 715 1328 776; x_wconf 77' lang='lat' dir='ltr'>discessiss&#39;e:</span> <span class='ocrx_word' id='word_1_38' title='bbox 1355 720 1589 776; x_wconf 82' lang='lat' dir='ltr'>Cartha-</span> 
     </span>
     <span class='ocr_line' id='line_1_8' title="bbox 383 801 1586 883; baseline 0.001 -21"><span class='ocrx_word' id='word_1_39' title='bbox 383 807 571 882; x_wconf 87' lang='lat' dir='ltr'>ginem</span> <span class='ocrx_word' id='word_1_40' title='bbox 605 801 709 862; x_wconf 80' lang='lat' dir='ltr'>effe</span> <span class='ocrx_word' id='word_1_41' title='bbox 745 803 1047 883; x_wconf 58' lang='lat' dir='ltr'>profectum</span> <span class='ocrx_word' id='word_1_42' title='bbox 1073 825 1089 862; x_wconf 71' lang='grc' dir='ltr'><strong>ε</strong></span> <span class='ocrx_word' id='word_1_43' title='bbox 1146 805 1419 862; x_wconf 84' lang='lat' dir='ltr'>acerrimis</span> <span class='ocrx_word' id='word_1_44' title='bbox 1474 804 1586 863; x_wconf 75' lang='lat' dir='ltr'>illis</span> 
     </span>
     <span class='ocr_line' id='line_1_9' title="bbox 383 888 1587 972; baseline 0 -24"><span class='ocrx_word' id='word_1_45' title='bbox 383 890 604 972; x_wconf 81' lang='lat' dir='ltr'>praeliis</span> <span class='ocrx_word' id='word_1_46' title='bbox 617 905 672 949; x_wconf 90' lang='lat' dir='ltr'>et</span> <span class='ocrx_word' id='word_1_47' title='bbox 689 892 965 964; x_wconf 69' lang='lat' dir='ltr'>maximia,</span> <span class='ocrx_word' id='word_1_48' title='bbox 988 888 1311 949; x_wconf 76' lang='lat' dir='ltr'>Sucronensi</span> <span class='ocrx_word' id='word_1_49' title='bbox 1340 905 1393 948; x_wconf 89' lang='lat' dir='ltr'>et</span> <span class='ocrx_word' id='word_1_50' title='bbox 1406 891 1587 949; x_wconf 77' lang='lat' dir='ltr'>Duri-</span> 
     </span>
     <span class='ocr_line' id='line_1_10' title="bbox 385 974 1591 1055; baseline -0.001 -19"><span class='ocrx_word' id='word_1_51' title='bbox 385 975 520 1052; x_wconf 87' lang='lat' dir='ltr'>enfi,</span> <span class='ocrx_word' id='word_1_52' title='bbox 543 974 867 1036; x_wconf 72' lang='lat' dir='ltr'>interfuisse:</span> <span class='ocrx_word' id='word_1_53' title='bbox 888 997 1011 1036; x_wconf 85' lang='lat' dir='ltr'>cum</span> <span class='ocrx_word' id='word_1_54' title='bbox 1032 977 1295 1055; x_wconf 89' lang='lat' dir='ltr'>Pompeio</span> <span class='ocrx_word' id='word_1_55' title='bbox 1310 975 1378 1034; x_wconf 90' lang='lat' dir='ltr'>ad</span> <span class='ocrx_word' id='word_1_56' title='bbox 1399 991 1591 1035; x_wconf 77' lang='lat' dir='ltr'>extre·</span> 
     </span>
     <span class='ocr_line' id='line_1_11' title="bbox 387 1061 1591 1143; baseline -0.002 -19"><span class='ocrx_word' id='word_1_57' title='bbox 387 1085 538 1124; x_wconf 88' lang='lat' dir='ltr'>mum</span> <span class='ocrx_word' id='word_1_58' title='bbox 554 1063 682 1122; x_wconf 90' lang='lat' dir='ltr'>belli</span> <span class='ocrx_word' id='word_1_59' title='bbox 703 1083 916 1142; x_wconf 82' lang='lat' dir='ltr'>tempus</span> <span class='ocrx_word' id='word_1_60' title='bbox 931 1061 1101 1122; x_wconf 71' lang='lat' dir='ltr'>fiaisse.</span> <span class='ocrx_word' id='word_1_61' title='bbox 1133 1066 1266 1122; x_wconf 88' lang='lat' dir='ltr'>haec</span> <span class='ocrx_word' id='word_1_62' title='bbox 1288 1061 1411 1122; x_wconf 85' lang='lat' dir='ltr'>sunt</span> <span class='ocrx_word' id='word_1_63' title='bbox 1424 1083 1591 1143; x_wconf 80' lang='lat' dir='ltr'>prae·</span> 
     </span>
     <span class='ocr_line' id='line_1_12' title="bbox 381 1147 1593 1229; baseline -0.003 -17"><span class='ocrx_word' id='word_1_64' title='bbox 381 1151 463 1213; x_wconf 71' lang='lat' dir='ltr'>lia</span> <span class='ocrx_word' id='word_1_65' title='bbox 487 1149 763 1209; x_wconf 86' lang='lat' dir='ltr'>Cornelii:</span> <span class='ocrx_word' id='word_1_66' title='bbox 798 1148 924 1208; x_wconf 82' lang='lat' dir='ltr'>talis</span> <span class='ocrx_word' id='word_1_67' title='bbox 946 1151 1006 1208; x_wconf 90' lang='lat' dir='ltr'>in</span> <span class='ocrx_word' id='word_1_68' title='bbox 1030 1148 1413 1229; x_wconf 84' lang='lat' dir='ltr'>rempublicam</span> <span class='ocrx_word' id='word_1_69' title='bbox 1456 1147 1593 1208; x_wconf 85' lang='lat' dir='ltr'>nos-</span> 
     </span>
     <span class='ocr_line' id='line_1_13' title="bbox 388 1235 1593 1312; baseline -0.002 -15"><span class='ocrx_word' id='word_1_70' title='bbox 388 1254 532 1297; x_wconf 78' lang='lat' dir='ltr'>tram</span> <span class='ocrx_word' id='word_1_71' title='bbox 561 1237 737 1312; x_wconf 90' lang='lat' dir='ltr'>labor,</span> <span class='ocrx_word' id='word_1_72' title='bbox 761 1235 1057 1309; x_wconf 71' lang='lat' dir='ltr'>affiduitaS,</span> <span class='ocrx_word' id='word_1_73' title='bbox 1080 1235 1381 1310; x_wconf 83' lang='lat' dir='ltr'>dimicatio,</span> <span class='ocrx_word' id='word_1_74' title='bbox 1400 1237 1593 1298; x_wconf 80' lang='lat' dir='ltr'>virtus</span> 
     </span>
     <span class='ocr_line' id='line_1_14' title="bbox 388 1321 1595 1402; baseline -0.005 -17"><span class='ocrx_word' id='word_1_75' title='bbox 388 1324 558 1400; x_wconf 79' lang='lat' dir='ltr'>digna</span> <span class='ocrx_word' id='word_1_76' title='bbox 578 1321 792 1383; x_wconf 89' lang='lat' dir='ltr'>summo</span> <span class='ocrx_word' id='word_1_77' title='bbox 807 1325 1159 1402; x_wconf 84' lang='lat' dir='ltr'>imperatore,</span> <span class='ocrx_word' id='word_1_78' title='bbox 1191 1321 1307 1402; x_wconf 87' lang='lat' dir='ltr'>spes</span> <span class='ocrx_word' id='word_1_79' title='bbox 1323 1341 1425 1399; x_wconf 86' lang='lat' dir='ltr'>pro</span> <span class='ocrx_word' id='word_1_80' title='bbox 1442 1325 1595 1400; x_wconf 87' lang='lat' dir='ltr'>peri-</span> 
     </span>
     <span class='ocr_line' id='line_1_15' title="bbox 385 1407 1599 1491; baseline -0.002 -21"><span class='ocrx_word' id='word_1_81' title='bbox 385 1409 526 1470; x_wconf 85' lang='lat' dir='ltr'>culis</span> <span class='ocrx_word' id='word_1_82' title='bbox 545 1412 927 1489; x_wconf 88' lang='lat' dir='ltr'>praemiorum.</span> <span class='ocrx_word' id='word_1_83' title='bbox 977 1411 1219 1491; x_wconf 88' lang='lat' dir='ltr'>praemia</span> <span class='ocrx_word' id='word_1_84' title='bbox 1239 1408 1461 1488; x_wconf 85' lang='lat' dir='ltr'>quidem</span> <span class='ocrx_word' id='word_1_85' title='bbox 1477 1407 1599 1488; x_wconf 77' lang='lat' dir='ltr'>ipsa</span> 
     </span>
     <span class='ocr_line' id='line_1_16' title="bbox 385 1493 1596 1574; baseline -0.002 -18"><span class='ocrx_word' id='word_1_86' title='bbox 385 1518 510 1557; x_wconf 83' lang='lat' dir='ltr'>non</span> <span class='ocrx_word' id='word_1_87' title='bbox 527 1495 654 1556; x_wconf 86' lang='lat' dir='ltr'>sunt</span> <span class='ocrx_word' id='word_1_88' title='bbox 682 1499 744 1556; x_wconf 87' lang='lat' dir='ltr'>in</span> <span class='ocrx_word' id='word_1_89' title='bbox 773 1498 893 1573; x_wconf 86' lang='lat' dir='ltr'>ejus</span> <span class='ocrx_word' id='word_1_90' title='bbox 915 1493 1083 1573; x_wconf 68' lang='lat' dir='ltr'>faeto,</span> <span class='ocrx_word' id='word_1_91' title='bbox 1124 1497 1221 1574; x_wconf 90' lang='lat' dir='ltr'>qui</span> <span class='ocrx_word' id='word_1_92' title='bbox 1237 1495 1469 1572; x_wconf 78' lang='lat' dir='ltr'>adeptus</span> <span class='ocrx_word' id='word_1_93' title='bbox 1496 1495 1596 1572; x_wconf 81' lang='lat' dir='ltr'>est,</span> 
     </span>
     <span class='ocr_line' id='line_1_17' title="bbox 383 1581 1634 1661; baseline -0.002 -17"><span class='ocrx_word' id='word_1_94' title='bbox 383 1581 557 1644; x_wconf 85' lang='lat' dir='ltr'>sedin</span> <span class='ocrx_word' id='word_1_95' title='bbox 575 1584 718 1661; x_wconf 85' lang='lat' dir='ltr'>ejus,</span> <span class='ocrx_word' id='word_1_96' title='bbox 745 1585 838 1661; x_wconf 92' lang='lat' dir='ltr'>qui</span> <span class='ocrx_word' id='word_1_97' title='bbox 855 1581 1028 1641; x_wconf 88' lang='lat' dir='ltr'>dedit.</span> <span class='ocrx_word' id='word_1_98' title='bbox 1142 1589 1396 1640; x_wconf 83' lang='lat' dir='ltr'>Donatus</span> <span class='ocrx_word' id='word_1_99' title='bbox 1415 1583 1634 1658; x_wconf 83' lang='lat' dir='ltr'>igitur3</span> 
     </span>
     <span class='ocr_line' id='line_1_18' title="bbox 387 1667 1599 1747; baseline -0.002 -17"><span class='ocrx_word' id='word_1_100' title='bbox 387 1670 464 1730; x_wconf 88' lang='lat' dir='ltr'>est</span> <span class='ocrx_word' id='word_1_101' title='bbox 481 1673 554 1730; x_wconf 91' lang='lat' dir='ltr'>ob</span> <span class='ocrx_word' id='word_1_102' title='bbox 571 1690 660 1728; x_wconf 82' lang='lat' dir='ltr'>eas</span> <span class='ocrx_word' id='word_1_103' title='bbox 677 1667 862 1728; x_wconf 79' lang='lat' dir='ltr'>causas</span> <span class='ocrx_word' id='word_1_104' title='bbox 881 1689 913 1726; x_wconf 87' lang='lat' dir='ltr'>a</span> <span class='ocrx_word' id='word_1_105' title='bbox 936 1675 1046 1728; x_wconf 88' lang='lat' dir='ltr'>Cn.</span> <span class='ocrx_word' id='word_1_106' title='bbox 1066 1670 1328 1747; x_wconf 87' lang='lat' dir='ltr'>Pompeio</span> <span class='ocrx_word' id='word_1_107' title='bbox 1344 1669 1599 1730; x_wconf 83' lang='lat' dir='ltr'>civitate.</span> 
     </span>
     <span class='ocr_line' id='line_1_19' title="bbox 385 1754 1599 1834; baseline 0 -18"><span class='ocrx_word' id='word_1_108' title='bbox 385 1756 447 1816; x_wconf 88' lang='lat' dir='ltr'>id</span> <span class='ocrx_word' id='word_1_109' title='bbox 470 1755 748 1816; x_wconf 84' lang='lat' dir='ltr'>accusator</span> <span class='ocrx_word' id='word_1_110' title='bbox 763 1775 884 1814; x_wconf 91' lang='lat' dir='ltr'>non</span> <span class='ocrx_word' id='word_1_111' title='bbox 902 1770 1095 1832; x_wconf 85' lang='lat' dir='ltr'>negat:</span> <span class='ocrx_word' id='word_1_112' title='bbox 1112 1754 1203 1813; x_wconf 81' lang='lat' dir='ltr'>sed</span> <span class='ocrx_word' id='word_1_113' title='bbox 1218 1755 1599 1834; x_wconf 73' lang='lat' dir='ltr'>reprehendit:</span> 
     </span>
     <span class='ocr_line' id='line_1_20' title="bbox 385 1840 1604 1923; baseline -0.003 -21"><span class='ocrx_word' id='word_1_114' title='bbox 385 1859 453 1902; x_wconf 89' lang='lat' dir='ltr'>ut</span> <span class='ocrx_word' id='word_1_115' title='bbox 467 1845 526 1901; x_wconf 88' lang='lat' dir='ltr'>in</span> <span class='ocrx_word' id='word_1_116' title='bbox 546 1841 811 1902; x_wconf 88' lang='lat' dir='ltr'>Cornelio</span> <span class='ocrx_word' id='word_1_117' title='bbox 826 1840 983 1901; x_wconf 83' lang='lat' dir='ltr'>causa</span> <span class='ocrx_word' id='word_1_118' title='bbox 1004 1841 1165 1922; x_wconf 83' lang='lat' dir='ltr'>ipfius</span> <span class='ocrx_word' id='word_1_119' title='bbox 1176 1845 1443 1921; x_wconf 87' lang='lat' dir='ltr'>probetur</span> <span class='ocrx_word' id='word_1_120' title='bbox 1448 1863 1604 1923; x_wconf 82' lang='lat' dir='ltr'>,poe-</span> 
     </span>
     <span class='ocr_line' id='line_1_21' title="bbox 365 1927 1601 2009; baseline -0.001 -20"><span class='ocrx_word' id='word_1_121' title='bbox 365 1956 370 1964; x_wconf 87' lang='lat'><strong>·</strong></span> <span class='ocrx_word' id='word_1_122' title='bbox 384 1951 462 1990; x_wconf 89' lang='lat' dir='ltr'>na</span> <span class='ocrx_word' id='word_1_123' title='bbox 478 1931 852 2009; x_wconf 77' lang='lat' dir='ltr'>quaeraturzin</span> <span class='ocrx_word' id='word_1_124' title='bbox 872 1931 1138 2008; x_wconf 89' lang='lat' dir='ltr'>Pompeio</span> <span class='ocrx_word' id='word_1_125' title='bbox 1154 1927 1307 1988; x_wconf 84' lang='lat' dir='ltr'>causa</span> <span class='ocrx_word' id='word_1_126' title='bbox 1322 1928 1601 2006; x_wconf 84' lang='lat' dir='ltr'>laedatur,</span> 
     </span>
     <span class='ocr_line' id='line_1_22' title="bbox 385 2013 1601 2098; baseline 0 -23"><span class='ocrx_word' id='word_1_127' title='bbox 385 2037 567 2098; x_wconf 85' lang='lat' dir='ltr'>poena</span> <span class='ocrx_word' id='word_1_128' title='bbox 583 2015 646 2075; x_wconf 86' lang='lat' dir='ltr'>fit</span> <span class='ocrx_word' id='word_1_129' title='bbox 661 2014 831 2075; x_wconf 87' lang='lat' dir='ltr'>nulla.</span> <span class='ocrx_word' id='word_1_130' title='bbox 880 2013 953 2074; x_wconf 88' lang='lat' dir='ltr'>fic</span> <span class='ocrx_word' id='word_1_131' title='bbox 971 2015 1197 2090; x_wconf 82' lang='lat' dir='ltr'>famam,</span> <span class='ocrx_word' id='word_1_132' title='bbox 1222 2015 1290 2075; x_wconf 87' lang='lat' dir='ltr'>fic</span> <span class='ocrx_word' id='word_1_133' title='bbox 1312 2017 1601 2075; x_wconf 82' lang='lat' dir='ltr'>innocen-</span> 
     </span>
     <span class='ocr_line' id='line_1_23' title="bbox 383 2099 1601 2182; baseline -0.003 -19"><span class='ocrx_word' id='word_1_134' title='bbox 383 2103 566 2163; x_wconf 68' lang='lat' dir='ltr'>tiffimi</span> <span class='ocrx_word' id='word_1_135' title='bbox 588 2104 832 2161; x_wconf 84' lang='lat' dir='ltr'>hominis</span> <span class='ocrx_word' id='word_1_136' title='bbox 846 2101 1127 2174; x_wconf 65' lang='lat' dir='ltr'>fortunata,</span> <span class='ocrx_word' id='word_1_137' title='bbox 1166 2099 1601 2182; x_wconf 80' lang='lat' dir='ltr'>praestantiffimi</span> 
     </span>
     <span class='ocr_line' id='line_1_24' title="bbox 383 2187 1601 2270; baseline -0.001 -21"><span class='ocrx_word' id='word_1_138' title='bbox 383 2191 736 2270; x_wconf 83' lang='lat' dir='ltr'>imperatoris</span> <span class='ocrx_word' id='word_1_139' title='bbox 757 2187 959 2247; x_wconf 67' lang='lat' dir='ltr'>facturn</span> <span class='ocrx_word' id='word_1_140' title='bbox 990 2188 1349 2248; x_wconf 85' lang='lat' dir='ltr'>condemnari</span> <span class='ocrx_word' id='word_1_141' title='bbox 1362 2187 1601 2248; x_wconf 78' lang='lat' dir='ltr'>volunt.</span> 
     </span>
     <span class='ocr_line' id='line_1_25' title="bbox 387 2271 1603 2355; baseline 0.002 -23"><span class='ocrx_word' id='word_1_142' title='bbox 387 2296 524 2351; x_wconf 89' lang='lat' dir='ltr'>ergo</span> <span class='ocrx_word' id='word_1_143' title='bbox 541 2275 882 2352; x_wconf 85' lang='lat' dir='ltr'>injudicium</span> <span class='ocrx_word' id='word_1_144' title='bbox 906 2290 1069 2355; x_wconf 83' lang='lat' dir='ltr'>caput</span> <span class='ocrx_word' id='word_1_145' title='bbox 1093 2272 1363 2346; x_wconf 89' lang='lat' dir='ltr'>Cornelii,</span> <span class='ocrx_word' id='word_1_146' title='bbox 1382 2271 1603 2334; x_wconf 66' lang='lat' dir='ltr'>factum</span> 
     </span>
     <span class='ocr_line' id='line_1_26' title="bbox 377 2361 1605 2438; baseline 0.002 -20"><span class='ocrx_word' id='word_1_147' title='bbox 377 2363 637 2438; x_wconf 71' lang='lat' dir='ltr'>Pompeii</span> <span class='ocrx_word' id='word_1_148' title='bbox 653 2377 908 2420; x_wconf 84' lang='lat' dir='ltr'>vocatur.</span> <span class='ocrx_word' id='word_1_149' title='bbox 959 2365 1110 2420; x_wconf 89' lang='lat' dir='ltr'>hunc</span> <span class='ocrx_word' id='word_1_150' title='bbox 1123 2363 1271 2419; x_wconf 87' lang='lat' dir='ltr'>enim</span> <span class='ocrx_word' id='word_1_151' title='bbox 1289 2362 1347 2418; x_wconf 90' lang='lat' dir='ltr'>in</span> <span class='ocrx_word' id='word_1_152' title='bbox 1370 2379 1441 2418; x_wconf 84' lang='lat' dir='ltr'>ea</span> <span class='ocrx_word' id='word_1_153' title='bbox 1455 2361 1605 2420; x_wconf 82' lang='lat' dir='ltr'>civi·</span> 
     </span>
     <span class='ocr_line' id='line_1_27' title="bbox 377 2445 1605 2522; baseline 0.005 -20"><span class='ocrx_word' id='word_1_154' title='bbox 377 2457 524 2517; x_wconf 69' lang='lat' dir='ltr'>tate,</span> <span class='ocrx_word' id='word_1_155' title='bbox 547 2447 606 2502; x_wconf 90' lang='lat' dir='ltr'>in</span> <span class='ocrx_word' id='word_1_156' title='bbox 631 2465 741 2522; x_wconf 87' lang='lat' dir='ltr'>qua</span> <span class='ocrx_word' id='word_1_157' title='bbox 755 2446 818 2505; x_wconf 88' lang='lat' dir='ltr'>fit</span> <span class='ocrx_word' id='word_1_158' title='bbox 848 2463 1038 2522; x_wconf 73' lang='lat' dir='ltr'>nawa,</span> <span class='ocrx_word' id='word_1_159' title='bbox 1066 2445 1433 2508; x_wconf 84' lang='lat' dir='ltr'>honestiffimo</span> <span class='ocrx_word' id='word_1_160' title='bbox 1464 2445 1605 2507; x_wconf 86' lang='lat' dir='ltr'>loco</span> 
     </span>
     <span class='ocr_line' id='line_1_28' title="bbox 387 2529 1603 2613; baseline 0.007 -25"><span class='ocrx_word' id='word_1_161' title='bbox 387 2543 582 2590; x_wconf 84' lang='lat' dir='ltr'>natum</span> <span class='ocrx_word' id='word_1_162' title='bbox 595 2529 698 2591; x_wconf 83' lang='lat' dir='ltr'>effe</span> <span class='ocrx_word' id='word_1_163' title='bbox 711 2531 971 2594; x_wconf 87' lang='lat' dir='ltr'>concedis</span> <span class='ocrx_word' id='word_1_164' title='bbox 973 2549 1053 2613; x_wconf 88' lang='lat' dir='ltr'>,et</span> <span class='ocrx_word' id='word_1_165' title='bbox 1068 2537 1135 2597; x_wconf 83' lang='lat' dir='ltr'>ab</span> <span class='ocrx_word' id='word_1_166' title='bbox 1148 2537 1374 2608; x_wconf 78' lang='lat' dir='ltr'>ineunte</span> <span class='ocrx_word' id='word_1_167' title='bbox 1386 2548 1603 2612; x_wconf 74' lang='lat' dir='ltr'>aetate,</span> 
     </span>
    </p>
   </div>
  </div>
 </body>
</html>
