1717 3092
396 159 513 229 290
732 145 1284 208 ORATIO

390 255 537 332 grati
568 241 671 314 ess'e
698 247 938 330 velletis,
959 256 1206 314 honores
1229 242 1610 335 affequere'tur

395 341 767 424 arnplissimos.
801 337 840 399 fi
854 338 1056 402 facium
1072 341 1236 402 vobis
1262 363 1383 404 non
1403 347 1610 423 proba·

398 445 573 502 retur,
604 425 950 508 (quanquam
975 430 1073 506 qui
1105 442 1327 506 poterat
1343 428 1494 491 salus
1521 429 1612 490 sua

397 517 595 596 cuique
617 535 733 574 non
750 515 1036 594 probari?)
1051 511 1140 572 sed
1157 529 1344 576 tamen
1361 514 1404 574 fi
1419 519 1612 579 mInus

396 600 665 666 fortissimi
694 601 803 662 viri
835 601 1012 660 virtus
1034 601 1249 663 civibus
1285 618 1452 678 grata
1467 605 1609 662 ceci·

396 685 554 750 disset
570 709 587 746 ε
618 707 822 766 magno
838 688 1029 746 animo
1042 685 1434 767 constantique
1449 689 1610 749 cede⁴

395 789 482 836 ret
502 795 575 833 ex
598 775 817 854 ingrata
844 774 1085 834 civitate.
1133 794 1262 832 nam
1297 774 1441 854 quid
1475 773 1612 836 effet

396 862 695 940 ingratius,
712 880 880 940 quam
903 859 1096 920 laetari
1112 876 1389 936 caeteros»,
1419 861 1610 942 lugere

393 965 521 1008 eum
544 946 741 1022 solum,
769 959 998 1027 propter
1021 967 1184 1026 quem
1206 950 1413 1008 caeteri
1437 949 1606 1008 laeta·

396 1034 614 1102 rentur?
662 1047 980 1113 quanquam
1015 1036 1127 1106 hoc
1161 1033 1353 1094 animo
1397 1033 1608 1116 semper

396 1121 601 1182 fuimus
641 1140 838 1181 omnes
875 1121 937 1178 in
973 1121 1182 1199 patriae
1225 1120 1608 1200 proditoribus

398 1206 803 1288 opprimendis,
819 1222 903 1280 ut,
935 1209 1200 1285 quoniam
1222 1205 1413 1268 nostra
1425 1208 1608 1268 futura

398 1291 530 1353 effer
552 1295 757 1372 gloria,
788 1291 1086 1373 periculum
1104 1311 1354 1372 quoque,
1385 1296 1606 1354 etinviss

396 1379 544 1440 diam
570 1375 812 1440 nostram
830 1393 1166 1460 putaremus.
1194 1399 1326 1438 nam
1344 1382 1604 1460 quaemi-

397 1468 458 1526 hi
482 1465 579 1547 ipfi
602 1465 897 1526 tribuenda
918 1465 1040 1526 laus
1066 1463 1217 1540 effet,
1238 1487 1368 1528 cum
1386 1483 1606 1528 tantum

396 1556 459 1624 in
476 1552 761 1613 consulatu
776 1573 902 1612 meo
917 1566 1024 1632 pro
1045 1554 1209 1612 vobis
1227 1571 1290 1611 ac
1304 1553 1496 1614 liberis
1509 1563 1602 1614 lve-

398 1638 520 1710 stris
544 1643 701 1700 ausus
717 1631 902 1714 essem,
923 1635 963 1698 fi
981 1637 1060 1715 id,
1082 1639 1235 1718 quod
1251 1644 1524 1722 conabar,
1539 1637 1599 1699 fi·

399 1747 473 1788 ne
496 1728 754 1786 maximis
769 1726 1221 1786 dimicationibus
1239 1727 1380 1786 meis
1398 1747 1486 1786 me
1508 1725 1604 1786 effe

398 1810 656 1872 ausurum
686 1811 1006 1872 arbitrarer?
1042 1833 1182 1892 quae
1205 1810 1408 1872 mulier
1443 1811 1604 1872 scele-

401 1913 582 1958 ratum
622 1919 685 1958 ac
724 1897 1093 1979 perniciosum
1139 1900 1316 1958 civem
1355 1900 1604 1960 occidere

399 2005 519 2046 non
537 1984 783 2060 auderet,
818 1983 857 2043 fi
877 1984 1178 2066 periculum
1197 2004 1319 2044 non
1343 1985 1603 2048 timeret?

399 2069 680 2152 proposita
701 2071 934 2146 invidia,
959 2086 1159 2144 morte,
1184 2090 1388 2150 poena,
1407 2074 1503 2150 qui
1517 2073 1602 2132 ni·

398 2158 517 2220 hilo
531 2156 747 2236 segnius
766 2157 1158 2236 rempublicam
1181 2155 1499 2232 defendit,is
1516 2160 1596 2220 vir

399 2266 530 2305 vere
544 2243 821 2324 putandus
836 2243 932 2304 est.
965 2243 1157 2322 populi
1171 2244 1313 2319 grati
1331 2241 1426 2316 est,
1451 2265 1595 2322 prae·v

1687 2107 1692 2236 k

397 2332 524 2387 miis
564 2330 773 2390 afficere
800 2331 940 2390 bene
968 2330 1198 2388 meritos
1235 2328 1305 2387 de
1333 2331 1592 2408 republica
1687 2359 1689 2375 =

395 2415 683 2472 civeszviri
695 2414 856 2473 fortis
862 2435 956 2488 ,ne
964 2412 1242 2495 suppliciis
1259 2415 1480 2493 quidem
1489 2437 1598 2474 mo·

396 2498 541 2576 veri,
562 2513 621 2556 ut
636 2497 860 2562 fortiter
879 2497 1058 2564 feeiffe
1071 2502 1380 2584 poeniteat.
1427 2521 1597 2584 quam-

1669 2447 1688 2672 l
