1717 3092
464 153 633 208 mo
668 150 1057 209 ΜηοΝΕ.
1261 167 1378 225 297

165 249 509 327 Fortiss'imus,
540 256 679 313 etin
703 250 944 334 suscepta
969 249 1126 313 causa
1145 251 1375 328 firmimi-

162 359 314 410 ωας,
341 353 399 397 et
422 341 705 400 bonorum
737 339 1042 412 voluntati,
1071 355 1126 398 et
1140 343 1374 399 auilori-

163 427 267 484 tati
283 423 503 484 senatfis
520 425 765 498 deditus,
786 429 916 485 etin
933 429 1038 485 hac
1056 425 1292 486 Milonis
1307 425 1374 486 fi-

161 531 235 570 ve
256 511 489 584 invidia,
511 511 620 572 five
634 512 866 572 fortuna
879 511 1160 591 singulari,
1183 513 1374 572 divina

77 602 103 647 3
116 607 139 648 4
160 612 219 656 et
235 597 545 657 incredibili
562 598 689 659 fide.
800 598 1030 675 Sedjam
1053 597 1182 660 satis
1197 597 1376 659 mult!

156 681 229 743 de
250 682 439 743 causa:
464 699 623 745 extra
644 682 856 744 causam
881 688 1046 745 etiam
1071 687 1237 758 nimis
1254 685 1371 746 for-

156 768 290 828 taffe
306 769 501 831 multa.
528 771 659 851 quid
680 769 864 847 restat,
879 772 980 832 nifi
996 788 1058 832 ut
1073 793 1249 846 orem,
1265 776 1370 833 ob-

100 909 108 918 .
157 853 431 935 testerque
449 877 577 932 vos,
602 857 913 934 Judice8‚ut
926 879 1044 918 eam
1063 858 1368 920 misericor-

156 942 311 1003 diam
333 945 584 1004 tribuatis
600 943 888 1006 fortiffimo
899 947 1046 1020 viro,
1077 965 1242 1025 quam
1257 945 1370 1026 ipse

157 1048 281 1090 non
314 1029 603 1110 implorat:
649 1051 757 1110 ego
774 1033 980 1104 ·etiam,
1025 1049 1368 1112 repugnante

156 1119 291 1190 hoc,
314 1131 371 1176 et
398 1117 663 1197 imploro,
706 1133 763 1180 et
787 1115 1068 1200 exposco?
1104 1117 1302 1192 nolite,
1327 1116 1372 1178 fi

151 1205 221 1266 in
253 1201 447 1262 nostro
476 1205 728 1264 omnium
765 1205 898 1264 fletu
935 1204 1144 1264 nullam
1184 1205 1368 1284 lacry-

154 1309 305 1350 mam
322 1287 429 1348 ads
417 1285 639 1369 pexistis
654 1289 918 1350 Milonis=
941 1290 980 1352 fi
996 1291 1212 1352 vultum
1230 1291 1366 1352 sem-

156 1397 258 1456 per
272 1375 531 1452 eundem‚
560 1375 601 1437 fi
616 1397 833 1454 vocem,
862 1376 904 1438 fi
925 1385 1237 1440 orationem
1261 1378 1366 1439 sta*

157 1463 325 1523 bilem
346 1484 551 1526 ac-non
581 1479 849 1526 mutatam
871 1464 1094 1539 videtis,
1123 1469 1230 1525 hoc
1260 1468 1364 1524 min

154 1569 271 1610 nus
288 1551 341 1608 ei
356 1571 607 1629 parceret
633 1567 801 1631 atque
814 1550 960 1610 haud
978 1550 1112 1626 scio,
1137 1571 1209 1611 an
1219 1573 1310 1611 mu
1318 1552 1368 1611 1..

154 1653 223 1698 to
238 1638 403 1696 etiam
420 1636 484 1697 fit
500 1637 849 1718 adjuvandus
866 1639 1063 1715 magis.
1083 1632 1088 1636 ’
1104 1640 1310 1698 etenim
1325 1636 1368 1698 fi

154 1726 221 1784 in
237 1722 581 1800 gladiatoriis
608 1726 833 1806 pugnis,
854 1740 913 1784 et
927 1724 1176 1785 ininfimi
1191 1745 1364 1802 gene·

154 1813 237 1872 ris
255 1813 563 1872 hominum
578 1812 906 1872 conditione
923 1827 1096 1892 atque
1114 1811 1376 1890 fortuna,⁷

152 1894 387 1958 timidos
416 1914 473 1956 et
500 1897 795 1979 supplices,
820 1915 878 1959 et
901 1914 962 1958 ut
994 1902 1178 1960 vivere
1199 1899 1364 1962 liceat

152 1981 535 2060 obsecrantes,
566 1987 731 2045 etiam
752 1985 921 2046 odiffi:
949 1984 1214 2046 solemus:
1247 1986 1364 2046 for·

110 2141 114 2148 .
152 2086 243 2132 tes
268 2086 325 2130 et
346 2071 649 2148 animosos,
672 2087 728 2132 et
744 2071 796 2131 se
812 2075 1009 2137 acriter
1024 2072 1170 2152 ipsos
1193 2075 1364 2132 morti

151 2155 481 2234 offerentes,
501 2157 717 2220 servare
754 2160 1037 2239 cupimusz
1064 2178 1368 2238 eorumque

152 2265 267 2304 nos
290 2248 467 2322 magis
489 2243 729 2319 miseret,
750 2248 849 2325 qui
879 2244 1118 2305 nostram
1157 2244 1366 2306 miseri-

154 2331 401 2392 cordiam
418 2353 537 2393 non
562 2334 875 2412 requirunt,
905 2351 1072 2411 quam
1100 2334 1197 2410 qui
1213 2333 1370 2396 illam

154 2417 459 2496 efflagitant
475 2443 493 2480 z
518 2433 738 2499 quanto
758 2422 866 2480 hoc
881 2420 1054 2497 magis
1069 2421 1130 2478 in
1147 2418 1366 2487 fortissi·

154 2507 265 2588 mis
291 2507 505 2570 civibus
522 2507 701 2570 facere
716 2505 1106 2592 debemu83me
1123 2507 1374 2586 quidem,
