1717 3092
346 153 459 216 300
676 136 1230 196 onAT10

344 239 517 302 sulem
532 235 890 300 declaratum.
913 258 1066 299 nunc
1079 235 1344 317 denique,
1364 233 1404 297 fi
1415 239 1545 298 haee

347 347 503 388 arma
516 341 717 387 contra
728 324 783 387 se
796 325 902 386 fint
919 325 1131 400 futura,
1158 323 1254 384 fibi
1287 323 1550 385 facinoris

348 411 732 494 suspicionem,
768 433 890 472 non
911 412 1040 472 facti
1077 414 1291 470 crimen
1323 409 1556 472 obstare.

348 499 508 562 addit
534 503 690 575 haec,
712 520 853 579 quae
885 514 1034 560 certe
1049 517 1182 560 vera
1204 496 1356 572 sunt,
1380 496 1559 558 fortes

348 603 408 648 et
424 585 692 668 sapientes
708 588 864 646 viros
881 605 1002 645 non
1017 599 1131 644 tam
1146 587 1396 666 praemia
1409 583 1566 666 sequi

347 671 526 736 solere
556 678 697 732 reae
730 671 1024 747 factorum,
1053 691 1222 751 quam
1259 670 1382 752 ipsa
1423 677 1569 734 recte

348 758 521 820 fasta:
550 758 602 819 se
632 757 769 820 nihil
798 761 859 820 in
889 761 1006 820 vita
1029 757 1132 818 nifi
1147 758 1570 838 praedariffime

348 843 529 906 fecisse
541 867 561 919 3
599 844 641 906 fi
668 845 892 926 quidem
921 844 1063 906 nihil
1092 842 1174 904 fit.
1186 844 1574 925 praestabilius

350 935 671 1012 vko,quiim
684 933 816 1012 peria
833 933 938 992 ulis
953 932 1184 1012 patriam
1199 931 1464 992 liberare:
1486 936 1578 994 be-

352 1036 478 1080 atos
500 1017 628 1096 effe,
660 1021 866 1099 quibus
883 1040 948 1079 ea
969 1039 1056 1078 res
1088 1021 1296 1078 honori
1327 1019 1506 1080 fuerit
1539 1042 1574 1082 a

351 1105 466 1168 suis
480 1107 717 1168 civibus.
756 1126 864 1168 nec
880 1122 1064 1166 tamen
1081 1125 1178 1166 eos
1195 1104 1454 1183 miserm,
1469 1110 1570 1188 qui

352 1191 623 1256 beneficio
638 1195 787 1253 cives
808 1190 940 1253 suos
961 1194 1231 1254 vicerint:
1255 1191 1348 1254 sed
1375 1209 1568 1256 tamen

353 1300 429 1340 ex
442 1281 703 1340 omnibus
720 1275 978 1360 praemiis
987 1282 1238 1357 virtutis,
1263 1278 1304 1339 fi
1317 1279 1452 1340 effet
1465 1285 1567 1341 ha-

354 1366 534 1430 benda
570 1368 715 1426 ratio
752 1369 1144 1446 praemiorum,
1183 1367 1562 1446 amplissimum

352 1451 457 1516 effe
471 1453 1054 1534 praemium,gloriam:
1083 1451 1187 1514 ess'e
1201 1456 1346 1514 hanc
1369 1475 1558 1531 unam,

354 1560 495 1624 quae
506 1541 830 1600 brevitatem
846 1542 995 1620 vitae
1009 1540 1340 1620 posteritatis
1355 1561 1559 1602 memo-

354 1629 439 1688 ria
452 1623 827 1688 consolaretur
840 1649 856 1686 ε
876 1647 1016 1706 quae
1031 1627 1268 1688 efficeret
1273 1643 1358 1702 ,ut
1371 1626 1556 1688 absen-

354 1731 441 1775 tes
460 1711 780 1790 adeffemm,
800 1715 1008 1776 mortui
1035 1715 1352 1774 viveremus
1366 1737 1384 1774 ε
1416 1719 1556 1776 hanc

355 1801 595 1880 denique
609 1799 733 1876 effe,
755 1801 914 1878 cujus
929 1801 1189 1879 gradibus
1203 1803 1370 1861 etiam
1385 1803 1554 1862 homi·

355 1908 453 1952 nes
478 1889 539 1947 in
554 1887 767 1948 coelum
783 1887 1106 1948 viderentur
1118 1886 1464 1948 adscendere.
1487 1888 1556 1948 de

354 1997 469 2051 me,
498 1975 704 2055 inquit,
734 1973 944 2056 semper
974 1974 1217 2056 populus
1245 1980 1553 2051 Romanus,

355 2061 561 2142 semper
590 2081 784 2122 omnes
814 2077 1004 2140 gentes
1035 2061 1358 2141 loquentur,
1403 2061 1552 2122 nulln

356 2171 602 2231 unquam
620 2145 957 2210 obmutescet
985 2146 1243 2208 vetustas.
1291 2149 1431 2226 quin
1447 2151 1552 2208 hoc

353 2251 600 2316 tempore
614 2233 751 2314 ipse,
768 2254 1106 2294 cum-omnes
1123 2255 1152 2292 a
1166 2235 1303 2294 meis
1316 2237 1546 2296 inimicis

350 2319 496 2380 faces
512 2341 664 2379 meae
686 2321 928 2381 invidiae
949 2319 1308 2399 subjiciantur
1325 2344 1346 2393 ς
1373 2338 1547 2382 tamen

352 2407 507 2462 omni
523 2407 581 2462 in
598 2407 888 2466 hominum
903 2408 1285 2484 coetu,gratiis
1303 2409 1544 2484 agendis,

348 2503 405 2546 et
418 2489 884 2566 gratulationibus
906 2494 1254 2572 habendis‚et
1272 2497 1428 2558 omni
1445 2493 1546 2556 ser-
