1717 3092
356 157 591 218 REGE
640 155 1150 231 DEJOTARO.
1259 159 1366 234 387

152 257 359 326 nostris
376 259 579 322 auxilia
594 261 860 322 mitteret.
882 274 1048 340 atque
1063 274 1226 322 antea
1241 263 1368 340 qui-

156 352 284 414 dem
300 350 542 427 majores
558 349 749 428 copias
765 347 908 408 aiere
929 362 1148 427 poterat
1171 370 1188 408 ε
1213 367 1368 411 nunc

156 441 387 518 exiguas
402 437 503 498 vix
516 438 659 495 tueri
672 433 872 516 potest.
897 450 955 494 at
971 433 1114 496 mifit
1137 435 1205 496 ad
1225 439 1368 496 Cae-

160 528 299 588 lium
331 522 515 584 nescio
544 543 711 604 quem
730 545 746 582 z
766 521 855 584 {ed
885 543 1009 599 εοε,
1039 543 1184 603 quos
1197 517 1366 601 mifit,

160 612 324 695 qhbd
340 613 419 671 ire
434 611 762 686 noluerunt,
782 611 842 668 in
856 609 1084 671 vincula
1098 611 1366 692 conjecit.

160 715 283 762 non
302 717 509 780 quaero
526 716 691 779 quam
708 695 1002 758 verismiile
1017 695 1102 775 fit,
1127 713 1222 759 aut
1244 715 1369 760 non

160 785 402 850 habuisse
413 805 622 864 regem,
645 805 791 866 quos
818 787 1094 845 mitteret:
1121 800 1216 846 aut
1245 801 1370 864 eos,

158 887 307 956 quos
322 869 560 949 mifiss'et,
574 889 695 932 non
712 867 972 952 paruisse:
997 888 1113 946 aut,
1139 873 1235 954 qui
1249 871 1369 934 dic·

160 977 225 1022 to
242 961 527 1021 audientes
542 960 604 1020 in
620 974 775 1020 tanta
788 980 850 1020 re
865 979 984 1020 non
1009 955 1252 1037 fuiffent,
1267 979 1368 1020 eos

156 1051 382 1111 vinfios
398 1048 609 1128 potius,
630 1061 795 1128 quam
812 1061 1042 1108 necatos
1065 1045 1235 1107 fuisse.
1275 1043 1369 1108 sed

158 1151 344 1198 tamen
362 1155 489 1197 cum
506 1131 576 1194 ad
600 1134 845 1194 Caelium
877 1135 1153 1210 mittebat,
1177 1148 1368 1196 utrum

161 1221 384 1286 causam
408 1221 561 1282 iilam
582 1223 784 1283 vietam
816 1217 921 1281 effe
956 1220 1252 1297 nesciebat,
1291 1239 1367 1282 an

162 1309 416 1370 Caelium
446 1307 605 1369 istum
622 1323 884 1387 magnum
905 1309 1188 1370 hominem
1203 1323 1368 1390 puta·

160 1399 287 1458 bat?
314 1417 479 1477 quem
502 1395 751 1477 profesto
776 1397 845 1471 is,
872 1398 969 1476 qui
994 1398 1204 1478 optime
1236 1392 1366 1458 nos·

160 1498 285 1545 tros
298 1484 555 1542 homines
570 1485 761 1558 novit,
790 1483 882 1542 vel
899 1483 1030 1562 quia
1045 1481 1246 1558 noss'et,
1275 1481 1370 1544 vei

160 1573 296 1652 quia
320 1589 441 1630 non
454 1567 661 1643 nosset,
710 1583 1117 1631 contemneret.
1164 1567 1377 1630 addidit

157 1661 327 1720 etiam
342 1656 503 1732 illud,
524 1659 739 1737 equites
754 1677 875 1716 non
892 1658 1135 1737 optimos
1153 1650 1366 1718 mififfe.

161 1761 403 1819 veteres,
424 1743 615 1818 credo,
640 1741 865 1804 caesar:
891 1743 1032 1804 nihil
1047 1743 1116 1804 ad
1131 1758 1288 1803 tuum
1305 1763 1370 1804 e·

163 1834 469 1912 quitatumz
518 1829 605 1890 sed
634 1827 775 1891 mifit
790 1851 864 1890 ex
877 1831 967 1908 iis,
993 1849 1136 1912 quos
1151 1831 1370 1910 habuit,

160 1919 385 1980 eiestos.
434 1919 513 1978 ait
528 1915 715 1979 nescio
746 1937 912 1999 quem
927 1939 1000 1979 ex
1017 1937 1085 1980 eo
1110 1933 1370 1996 numero,

161 2003 379 2066 servum
406 2005 741 2084 judicatum.
787 2025 910 2065 non
947 2008 1219 2066 arbitrere
1245 2023 1372 2066 non

163 2093 374 2154 audivi.
400 2091 565 2152 sedin
582 2113 674 2167 eo,
696 2093 863 2152 etiam
879 2090 919 2152 fi
935 2091 1229 2168 accidisset,
1252 2091 1374 2153 cui-

114 2222 145 2266 9
163 2191 293 2262 p'am
308 2182 450 2258 regis
469 2179 676 2239 nullam
692 2175 845 2239 fuiffe
860 2181 1171 2240 arbitrarer.
1247 2177 1373 2239 Ali·

161 2287 275 2328 eno
305 2282 489 2328 autem
510 2287 542 2326 a
570 2283 627 2327 te
654 2269 841 2327 animo
875 2265 999 2330 fuit.
1047 2264 1370 2348 quomodo?

161 2350 866 2435 speravit,credo,difficiles
879 2356 983 2414 tibi
1001 2353 1374 2415 Alexandriae

163 2441 289 2503 fore
302 2442 481 2502 exitus
499 2457 723 2524 propter
738 2443 982 2520 regionis
1012 2458 1290 2517 naturam,
1313 2454 1374 2500 et

168 2529 439 2593 fluminis-
487 2545 627 2592 ateo
652 2526 772 2611 ipsu
802 2543 1056 2612 tempore
1079 2528 1373 2612 pecuniam

715 2621 767 2677 R
815 2635 851 2679 2
1354 2615 1360 2626 ⁴
