1717 3092
352 297 465 373 396
620 295 1026 353 onA’mo
1078 295 1264 350 PRo

354 405 568 475 animo,
592 416 650 459 et
685 403 865 459 erecto
896 395 994 471 est,
1035 417 1138 458 nec
1165 415 1417 476 unquam
1443 396 1573 460 suc-

349 492 569 551 cumbet
600 488 865 562 inimicis,
910 507 985 545 ne
1021 484 1280 544 fortunae
1309 486 1569 566 quidem.

351 576 526 637 multa
544 573 596 634 se
610 578 928 649 arbitratur,
945 588 1002 632 et
1021 570 1278 654 peperiffe
1293 589 1424 632 ante
1448 573 1569 634 fac-

351 665 451 737 tia,
474 679 530 722 et
559 664 757 721 habere
782 662 840 720 in
877 663 1089 732 animo,
1120 676 1286 739 atque
1324 663 1566 738 virtute,

352 769 497 830 qnae
531 748 689 809 nullo
720 748 892 809 modo
915 747 1072 828 poffit
1095 747 1366 806 amittere.
1417 766 1565 827 quae

350 840 501 896 enirn
540 837 789 911 fortuna,
813 852 911 895 aut
938 836 1064 913 quis
1088 832 1263 908 casus,
1301 848 1397 892 aut
1419 854 1565 914 quae

347 937 509 982 tanta
534 924 688 1003 possit
720 924 946 1000 injuria,
977 922 1228 981 omnium
1256 923 1562 1002 imperato-

353 1028 477 1070 turn
492 1010 560 1070 de
583 1011 856 1087 Dejotaro
874 1009 1090 1068 decreta
1104 1006 1312 1067 delere?
1347 1010 1414 1067 ab
1437 1029 1563 1070 om·

354 1098 523 1157 nibus
546 1099 693 1155 enirn
720 1094 794 1155 est
825 1110 1080 1168 ornatae,
1113 1096 1231 1173 qui,
1272 1093 1563 1174 postquam

355 1184 416 1240 in
434 1182 616 1242 castris
632 1181 735 1242 effe
749 1184 932 1263 potuit
950 1202 1047 1260 per
1064 1196 1317 1254 aetatem,
1334 1183 1395 1239 in
1416 1181 1564 1257 Afia,

357 1259 732 1348 (sappadocia,
752 1276 956 1342 Ponte,
974 1267 1188 1340 Cilicia,
1221 1270 1405 1345 Syria,
1420 1266 1568 1328 bella

358 1353 654 1432 gesserunt.
703 1352 922 1413 senatus
957 1373 1092 1413 vero
1123 1352 1334 1430 judicia
1373 1354 1443 1414 de
1467 1354 1566 1414 illo

359 1456 472 1499 tam
490 1442 659 1500 multa
664 1455 910 1520 ,tamque
934 1437 1411 1518 honorifioe,quae
1426 1444 1566 1519 pub-

354 1524 476 1585 licis
494 1527 685 1606 populi
705 1527 944 1585 Romani
962 1526 1138 1584 literis
1144 1523 1567 1599 ,monumentis-

360 1633 469 1692 que
490 1611 809 1691 consignata
848 1609 997 1685 sunt,
1028 1630 1169 1690 quae
1192 1631 1443 1690 unquam
1474 1635 1570 1674 ve-

362 1697 531 1759 tustas
547 1701 766 1774 obruet,
796 1713 891 1757 aut
907 1717 1046 1776 quae
1063 1712 1216 1756 tanta
1242 1697 1449 1758 delebit
1467 1702 1569 1760 ob·

359 1784 528 1846 livio?
562 1785 696 1865 quid
719 1785 785 1845 de
807 1785 1016 1845 virtute
1033 1784 1150 1862 ejus
1177 1781 1361 1845 dicam
1384 1787 1406 1844 Ξ*
1435 1785 1571 1866 quid

363 1869 433 1930 de
464 1872 843 1949 magnitudine
879 1873 1072 1945 animi,
1102 1873 1397 1947 gravitate,
1431 1895 1569 1933 con·

362 1954 588 2016 stantia?
608 1978 750 2037 quae
770 1977 968 2017 omnes
984 1957 1153 2032 doffl,
1171 1974 1336 2038 atque
1355 1957 1568 2038 sapien·

360 2056 447 2102 tes
462 2040 700 2116 summa3
735 2044 958 2122 quidam
976 2047 1140 2103 etiam
1158 2043 1272 2104 sola
1286 2046 1442 2104 bona
1466 2044 1567 2105 effe

368 2128 659 2195 dixeruntz
694 2128 882 2208 bisque
897 2151 1012 2189 non
1040 2131 1209 2189 modo
1227 2120 1297 2191 ad
1310 2131 1566 2205 bene‚sed

362 2217 527 2275 etiam
546 2217 611 2274 ad
630 2219 783 2275 beate
799 2215 1099 2276 vivendum
1118 2232 1440 2277 contentam
1459 2220 1569 2277 vir·

370 2316 543 2360 tutem
561 2300 683 2362 csse.
734 2306 866 2361 baec
889 2302 980 2360 ille
998 2318 1259 2382 reputans
1267 2349 1283 2378 ,
1308 2320 1366 2363 et
1386 2304 1500 2364 dies
1516 2320 1569 2364 et

365 2393 557 2447 nostes
574 2391 849 2464 cogitans,
867 2410 984 2448 non
1011 2389 1179 2449 modo
1197 2393 1295 2450 tibi
1313 2411 1436 2450 non
1455 2390 1568 2453 suc-

364 2472 569 2546 censet,
601 2472 760 2542 (effet
780 2477 928 2534 enim
954 2497 1072 2535 non
1098 2475 1271 2536 solum
1298 2480 1569 2555 ingratus,

363 2553 452 2613 sed
485 2560 651 2617 etiam
682 2564 905 2637 amens)
941 2583 1134 2622 verum
1166 2583 1394 2624 omnem
1419 2579 1566 2623 tran-

359 2640 717 2723 quillitatem,
737 2662 792 2707 et
809 2649 1056 2731 quietam
1069 2647 1363 2712 senefikutis
1380 2671 1565 2731 accep·
