<?xml version="1.0" encoding="UTF-8"?>
<!DOCTYPE html PUBLIC "-//W3C//DTD XHTML 1.0 Transitional//EN"
    "http://www.w3.org/TR/xhtml1/DTD/xhtml1-transitional.dtd">
<html xmlns="http://www.w3.org/1999/xhtml" xml:lang="en" lang="en">
 <head>
  <title>
</title>
<meta http-equiv="Content-Type" content="text/html;charset=utf-8" />
  <meta name='ocr-system' content='tesseract 3.04.00' />
  <meta name='ocr-capabilities' content='ocr_page ocr_carea ocr_par ocr_line ocrx_word'/>
</head>
<body>
  <div class='ocr_page' id='page_1' title='image "./mtulliiciceroni16unkngoog_0313.png"; bbox 0 0 1717 3092; ppageno 0'>
   <div class='ocr_carea' id='block_1_1' title="bbox 471 149 1365 226">
    <p class='ocr_par' dir='ltr' id='par_1_1' title="bbox 471 149 1365 226">
     <span class='ocr_line' id='line_1_1' title="bbox 471 149 1365 226; baseline 0.003 -17"><span class='ocrx_word' id='word_1_1' title='bbox 471 151 639 209; x_wconf 79' lang='lat' dir='ltr'>PRO</span> <span class='ocrx_word' id='word_1_2' title='bbox 672 149 1053 207; x_wconf 76' lang='lat' dir='ltr'><strong>M1L0NE.</strong></span> <span class='ocrx_word' id='word_1_3' title='bbox 1261 169 1365 226; x_wconf 75' lang='lat'>301</span> 
     </span>
    </p>
   </div>
   <div class='ocr_carea' id='block_1_2' title="bbox 74 252 1456 2584">
    <p class='ocr_par' dir='ltr' id='par_1_2' title="bbox 74 252 1456 2584">
     <span class='ocr_line' id='line_1_2' title="bbox 156 252 1371 318; baseline -0.002 0"><span class='ocrx_word' id='word_1_4' title='bbox 156 271 338 318; x_wconf 78' lang='lat' dir='ltr'>mone</span> <span class='ocrx_word' id='word_1_5' title='bbox 356 252 712 314; x_wconf 81' lang='lat' dir='ltr'><strong>celebramur.</strong></span> <span class='ocrx_word' id='word_1_6' title='bbox 760 252 966 310; x_wconf 86' lang='lat' dir='ltr'>omitto</span> <span class='ocrx_word' id='word_1_7' title='bbox 1001 253 1252 312; x_wconf 72' lang='lat' dir='ltr'>Etruriae</span> <span class='ocrx_word' id='word_1_8' title='bbox 1270 254 1371 316; x_wconf 82' lang='lat' dir='ltr'>fes-</span> 
     </span>
     <span class='ocr_line' id='line_1_3' title="bbox 160 335 1374 414; baseline 0 -12"><span class='ocrx_word' id='word_1_9' title='bbox 160 357 262 402; x_wconf 70' lang='lat' dir='ltr'>tos</span> <span class='ocrx_word' id='word_1_10' title='bbox 290 356 349 400; x_wconf 87' lang='lat' dir='ltr'>et</span> <span class='ocrx_word' id='word_1_11' title='bbox 376 344 553 414; x_wconf 66' lang='lat' dir='ltr'>astos,</span> <span class='ocrx_word' id='word_1_12' title='bbox 578 353 635 396; x_wconf 87' lang='lat' dir='ltr'>et</span> <span class='ocrx_word' id='word_1_13' title='bbox 656 337 936 400; x_wconf 80' lang='lat' dir='ltr'>iustitutos</span> <span class='ocrx_word' id='word_1_14' title='bbox 967 335 1085 397; x_wconf 79' lang='lat' dir='ltr'>dies</span> <span class='ocrx_word' id='word_1_15' title='bbox 1109 359 1124 397; x_wconf 71' lang='grc' dir='ltr'><em>ε</em></span> <span class='ocrx_word' id='word_1_16' title='bbox 1152 339 1374 402; x_wconf 78' lang='lat' dir='ltr'>centefi-</span> 
     </span>
     <span class='ocr_line' id='line_1_4' title="bbox 162 424 1374 502; baseline -0.002 -15"><span class='ocrx_word' id='word_1_17' title='bbox 162 449 261 492; x_wconf 80' lang='lat' dir='ltr'>ma</span> <span class='ocrx_word' id='word_1_18' title='bbox 288 427 391 486; x_wconf 77' lang='lat' dir='ltr'>lux</span> <span class='ocrx_word' id='word_1_19' title='bbox 408 425 483 486; x_wconf 85' lang='lat' dir='ltr'>est</span> <span class='ocrx_word' id='word_1_20' title='bbox 498 429 627 484; x_wconf 87' lang='lat' dir='ltr'>haec</span> <span class='ocrx_word' id='word_1_21' title='bbox 642 427 713 486; x_wconf 82' lang='lat' dir='ltr'>ab</span> <span class='ocrx_word' id='word_1_22' title='bbox 730 427 954 484; x_wconf 87' lang='lat' dir='ltr'>interitu</span> <span class='ocrx_word' id='word_1_23' title='bbox 972 431 1034 484; x_wconf 90' lang='lat' dir='ltr'>P.</span> <span class='ocrx_word' id='word_1_24' title='bbox 1057 424 1269 500; x_wconf 86' lang='lat' dir='ltr'>Clodii,</span> <span class='ocrx_word' id='word_1_25' title='bbox 1290 443 1374 502; x_wconf 57' lang='grc' dir='ltr'>ει,</span> 
     </span>
     <span class='ocr_line' id='line_1_5' title="bbox 162 509 1376 594; baseline -0.001 -19"><span class='ocrx_word' id='word_1_26' title='bbox 162 515 399 594; x_wconf 77' lang='lat' dir='ltr'>opinor,</span> <span class='ocrx_word' id='word_1_27' title='bbox 421 513 745 591; x_wconf 83' lang='lat' dir='ltr'>ultraquam</span> <span class='ocrx_word' id='word_1_28' title='bbox 776 509 917 572; x_wconf 77' lang='lat' dir='ltr'>fines</span> <span class='ocrx_word' id='word_1_29' title='bbox 947 513 1166 591; x_wconf 85' lang='lat' dir='ltr'>imperii</span> <span class='ocrx_word' id='word_1_30' title='bbox 1182 514 1376 594; x_wconf 90' lang='lat' dir='ltr'>populi</span> 
     </span>
     <span class='ocr_line' id='line_1_6' title="bbox 164 596 1376 676; baseline -0.002 -13"><span class='ocrx_word' id='word_1_31' title='bbox 164 601 411 664; x_wconf 80' lang='lat' dir='ltr'>Romani</span> <span class='ocrx_word' id='word_1_32' title='bbox 428 597 575 674; x_wconf 86' lang='lat' dir='ltr'>sunt,</span> <span class='ocrx_word' id='word_1_33' title='bbox 596 619 659 657; x_wconf 84' lang='lat' dir='ltr'>ea</span> <span class='ocrx_word' id='word_1_34' title='bbox 676 619 793 658; x_wconf 85' lang='lat' dir='ltr'>non</span> <span class='ocrx_word' id='word_1_35' title='bbox 812 596 984 658; x_wconf 86' lang='lat' dir='ltr'>solum</span> <span class='ocrx_word' id='word_1_36' title='bbox 1001 597 1144 660; x_wconf 85' lang='lat' dir='ltr'>fama</span> <span class='ocrx_word' id='word_1_37' title='bbox 1162 599 1280 676; x_wconf 79' lang='lat' dir='ltr'>jam</span> <span class='ocrx_word' id='word_1_38' title='bbox 1305 601 1376 662; x_wconf 87' lang='lat' dir='ltr'>de</span> 
     </span>
     <span class='ocr_line' id='line_1_7' title="bbox 164 683 1374 764; baseline 0.001 -17"><span class='ocrx_word' id='word_1_39' title='bbox 164 686 295 761; x_wconf 84' lang='lat' dir='ltr'>illo,</span> <span class='ocrx_word' id='word_1_40' title='bbox 314 684 404 746; x_wconf 83' lang='lat' dir='ltr'>sed</span> <span class='ocrx_word' id='word_1_41' title='bbox 418 689 583 746; x_wconf 77' lang='lat' dir='ltr'>etiam</span> <span class='ocrx_word' id='word_1_42' title='bbox 598 683 803 744; x_wconf 81' lang='lat' dir='ltr'>laetitia</span> <span class='ocrx_word' id='word_1_43' title='bbox 819 687 1152 764; x_wconf 80' lang='lat' dir='ltr'><strong>peragravit.</strong></span> <span class='ocrx_word' id='word_1_44' title='bbox 1177 705 1374 764; x_wconf 77' lang='lat' dir='ltr'>quam·</span> 
     </span>
     <span class='ocr_line' id='line_1_8' title="bbox 164 769 1376 854; baseline -0.002 -18"><span class='ocrx_word' id='word_1_45' title='bbox 164 776 386 848; x_wconf 83' lang='lat' dir='ltr'>obrem,</span> <span class='ocrx_word' id='word_1_46' title='bbox 408 775 501 832; x_wconf 80' lang='lat' dir='ltr'>ubi</span> <span class='ocrx_word' id='word_1_47' title='bbox 530 791 733 852; x_wconf 73' lang='lat' dir='ltr'>corpus</span> <span class='ocrx_word' id='word_1_48' title='bbox 762 774 872 830; x_wconf 89' lang='lat' dir='ltr'>hoc</span> <span class='ocrx_word' id='word_1_49' title='bbox 893 769 979 844; x_wconf 86' lang='lat' dir='ltr'>fit,</span> <span class='ocrx_word' id='word_1_50' title='bbox 1001 793 1144 849; x_wconf 82' lang='lat' dir='ltr'>non,</span> <span class='ocrx_word' id='word_1_51' title='bbox 1167 773 1376 854; x_wconf 81' lang='lat' dir='ltr'>inquit,</span> 
     </span>
     <span class='ocr_line' id='line_1_9' title="bbox 164 859 1376 937; baseline -0.001 -17"><span class='ocrx_word' id='word_1_52' title='bbox 164 861 395 934; x_wconf 83' lang='lat' dir='ltr'>laboro,</span> <span class='ocrx_word' id='word_1_53' title='bbox 442 860 709 937; x_wconf 79' lang='lat' dir='ltr'>quoniam</span> <span class='ocrx_word' id='word_1_54' title='bbox 742 859 1004 918; x_wconf 80' lang='lat' dir='ltr'>omnibus</span> <span class='ocrx_word' id='word_1_55' title='bbox 1033 859 1094 918; x_wconf 82' lang='lat' dir='ltr'>in</span> <span class='ocrx_word' id='word_1_56' title='bbox 1125 863 1298 919; x_wconf 76' lang='lat' dir='ltr'>terris·</span> <span class='ocrx_word' id='word_1_57' title='bbox 1315 876 1376 920; x_wconf 73' lang='lat' dir='ltr'>et</span> 
     </span>
     <span class='ocr_line' id='line_1_10' title="bbox 162 942 1376 1026; baseline 0.001 -20"><span class='ocrx_word' id='word_1_58' title='bbox 162 949 285 1026; x_wconf 82' lang='lat' dir='ltr'>jam</span> <span class='ocrx_word' id='word_1_59' title='bbox 302 943 567 1020; x_wconf 78' lang='lat' dir='ltr'>versatur,</span> <span class='ocrx_word' id='word_1_60' title='bbox 591 960 647 1004; x_wconf 88' lang='lat' dir='ltr'>et</span> <span class='ocrx_word' id='word_1_61' title='bbox 662 942 874 1024; x_wconf 86' lang='lat' dir='ltr'>semper</span> <span class='ocrx_word' id='word_1_62' title='bbox 893 945 1159 1004; x_wconf 80' lang='lat' dir='ltr'>habitabit</span> <span class='ocrx_word' id='word_1_63' title='bbox 1187 950 1376 1007; x_wconf 85' lang='lat' dir='ltr'>nomi-</span> 
     </span>
     <span class='ocr_line' id='line_1_11' title="bbox 74 1025 1374 1112; baseline -0.002 -18"><span class='ocrx_word' id='word_1_64' title='bbox 74 1025 145 1078; x_wconf 81' lang='lat'>3⁶</span> <span class='ocrx_word' id='word_1_65' title='bbox 168 1036 261 1094; x_wconf 77' lang='lat' dir='ltr'>nis</span> <span class='ocrx_word' id='word_1_66' title='bbox 277 1035 383 1094; x_wconf 86' lang='lat' dir='ltr'>mei</span> <span class='ocrx_word' id='word_1_67' title='bbox 400 1031 598 1109; x_wconf 70' lang='lat' dir='ltr'>’glor-ia.</span> <span class='ocrx_word' id='word_1_68' title='bbox 713 1037 868 1091; x_wconf 88' lang='lat' dir='ltr'>Haec</span> <span class='ocrx_word' id='word_1_69' title='bbox 887 1045 946 1089; x_wconf 86' lang='lat' dir='ltr'>tu</span> <span class='ocrx_word' id='word_1_70' title='bbox 963 1049 1175 1090; x_wconf 86' lang='lat' dir='ltr'>mecum</span> <span class='ocrx_word' id='word_1_71' title='bbox 1193 1029 1374 1112; x_wconf 80' lang='lat' dir='ltr'>saepe,</span> 
     </span>
     <span class='ocr_line' id='line_1_12' title="bbox 169 1115 1376 1193; baseline -0.002 -12"><span class='ocrx_word' id='word_1_72' title='bbox 169 1122 263 1181; x_wconf 75' lang='lat' dir='ltr'>his</span> <span class='ocrx_word' id='word_1_73' title='bbox 294 1117 637 1178; x_wconf 80' lang='lat' dir='ltr'><strong>absentibus:</strong></span> <span class='ocrx_word' id='word_1_74' title='bbox 662 1115 753 1176; x_wconf 88' lang='lat' dir='ltr'>sed</span> <span class='ocrx_word' id='word_1_75' title='bbox 782 1115 972 1178; x_wconf 87' lang='lat' dir='ltr'>iisdem</span> <span class='ocrx_word' id='word_1_76' title='bbox 1003 1117 1376 1193; x_wconf 73' lang='lat' dir='ltr'>audientibus,</span> 
     </span>
     <span class='ocr_line' id='line_1_13' title="bbox 166 1203 1405 1285; baseline -0.002 -17"><span class='ocrx_word' id='word_1_77' title='bbox 166 1210 428 1282; x_wconf 83' lang='lat' dir='ltr'>haecego</span> <span class='ocrx_word' id='word_1_78' title='bbox 445 1220 644 1277; x_wconf 82' lang='lat' dir='ltr'>tecum,</span> <span class='ocrx_word' id='word_1_79' title='bbox 669 1203 833 1264; x_wconf 78' lang='lat' dir='ltr'>Milo.</span> <span class='ocrx_word' id='word_1_80' title='bbox 884 1219 938 1263; x_wconf 92' lang='lat' dir='ltr'>te</span> <span class='ocrx_word' id='word_1_81' title='bbox 955 1203 1198 1283; x_wconf 85' lang='lat' dir='ltr'>quidem,</span> <span class='ocrx_word' id='word_1_82' title='bbox 1221 1203 1405 1285; x_wconf 41' lang='lat' dir='ltr'><strong>quod·</strong></span> 
     </span>
     <span class='ocr_line' id='line_1_14' title="bbox 168 1287 1372 1371; baseline -0.001 -17"><span class='ocrx_word' id='word_1_83' title='bbox 168 1291 277 1354; x_wconf 87' lang='lat' dir='ltr'>isto</span> <span class='ocrx_word' id='word_1_84' title='bbox 292 1295 482 1353; x_wconf 83' lang='lat' dir='ltr'>animo</span> <span class='ocrx_word' id='word_1_85' title='bbox 498 1312 580 1366; x_wconf 78' lang='lat' dir='ltr'>es,</span> <span class='ocrx_word' id='word_1_86' title='bbox 604 1287 731 1350; x_wconf 81' lang='lat' dir='ltr'>satis</span> <span class='ocrx_word' id='word_1_87' title='bbox 746 1289 969 1350; x_wconf 84' lang='lat' dir='ltr'>laudare</span> <span class='ocrx_word' id='word_1_88' title='bbox 986 1311 1102 1352; x_wconf 90' lang='lat' dir='ltr'>non</span> <span class='ocrx_word' id='word_1_89' title='bbox 1121 1291 1331 1371; x_wconf 82' lang='lat' dir='ltr'>poffum</span> <span class='ocrx_word' id='word_1_90' title='bbox 1353 1315 1372 1353; x_wconf 69' lang='grc' dir='ltr'><strong>ε</strong></span> 
     </span>
     <span class='ocr_line' id='line_1_15' title="bbox 168 1375 1378 1460; baseline -0.001 -19"><span class='ocrx_word' id='word_1_91' title='bbox 168 1377 290 1454; x_wconf 87' lang='lat' dir='ltr'>sed,</span> <span class='ocrx_word' id='word_1_92' title='bbox 330 1399 445 1460; x_wconf 84' lang='lat' dir='ltr'>quo</span> <span class='ocrx_word' id='word_1_93' title='bbox 466 1377 543 1438; x_wconf 90' lang='lat' dir='ltr'>est</span> <span class='ocrx_word' id='word_1_94' title='bbox 557 1376 650 1438; x_wconf 86' lang='lat' dir='ltr'>ista</span> <span class='ocrx_word' id='word_1_95' title='bbox 668 1379 845 1455; x_wconf 80' lang='lat' dir='ltr'>magis</span> <span class='ocrx_word' id='word_1_96' title='bbox 863 1375 1056 1438; x_wconf 81' lang='lat' dir='ltr'>divina</span> <span class='ocrx_word' id='word_1_97' title='bbox 1068 1381 1273 1455; x_wconf 82' lang='lat' dir='ltr'>virtus,</span> <span class='ocrx_word' id='word_1_98' title='bbox 1305 1400 1378 1440; x_wconf 83' lang='lat' dir='ltr'>eo</span> 
     </span>
     <span class='ocr_line' id='line_1_16' title="bbox 165 1463 1379 1545; baseline -0.004 -16"><span class='ocrx_word' id='word_1_99' title='bbox 165 1467 383 1545; x_wconf 78' lang='lat' dir='ltr'>majore</span> <span class='ocrx_word' id='word_1_100' title='bbox 406 1486 439 1524; x_wconf 84' lang='lat' dir='ltr'>a</span> <span class='ocrx_word' id='word_1_101' title='bbox 456 1482 511 1524; x_wconf 88' lang='lat' dir='ltr'>te</span> <span class='ocrx_word' id='word_1_102' title='bbox 525 1465 721 1524; x_wconf 80' lang='lat' dir='ltr'>dolore</span> <span class='ocrx_word' id='word_1_103' title='bbox 734 1463 992 1524; x_wconf 75' lang='lat' dir='ltr'>divellor.</span> <span class='ocrx_word' id='word_1_104' title='bbox 1040 1485 1317 1541; x_wconf 52' lang='lat' dir='ltr'>necaevero,</span> <span class='ocrx_word' id='word_1_105' title='bbox 1335 1463 1379 1524; x_wconf 80' lang='lat' dir='ltr'>fi</span> 
     </span>
     <span class='ocr_line' id='line_1_17' title="bbox 168 1549 1378 1631; baseline -0.002 -18"><span class='ocrx_word' id='word_1_106' title='bbox 168 1555 307 1614; x_wconf 82' lang='lat' dir='ltr'>mihi</span> <span class='ocrx_word' id='word_1_107' title='bbox 340 1551 591 1631; x_wconf 80' lang='lat' dir='ltr'>eriperis,</span> <span class='ocrx_word' id='word_1_108' title='bbox 616 1549 827 1628; x_wconf 76' lang='lat' dir='ltr'>reliqua</span> <span class='ocrx_word' id='word_1_109' title='bbox 860 1549 936 1608; x_wconf 89' lang='lat' dir='ltr'>est</span> <span class='ocrx_word' id='word_1_110' title='bbox 959 1551 1050 1608; x_wconf 78' lang='lat' dir='ltr'>illa</span> <span class='ocrx_word' id='word_1_111' title='bbox 1073 1549 1266 1611; x_wconf 86' lang='lat' dir='ltr'>saltem</span> <span class='ocrx_word' id='word_1_112' title='bbox 1307 1550 1378 1610; x_wconf 79' lang='lat' dir='ltr'>ad</span> 
     </span>
     <span class='ocr_line' id='line_1_18' title="bbox 167 1634 1378 1717; baseline -0.004 -15"><span class='ocrx_word' id='word_1_113' title='bbox 167 1636 573 1704; x_wconf 79' lang='lat' dir='ltr'>consolandum</span> <span class='ocrx_word' id='word_1_114' title='bbox 588 1634 1150 1715; x_wconf 79' lang='lat' dir='ltr'>querela,uthisirasci</span> <span class='ocrx_word' id='word_1_115' title='bbox 1166 1637 1378 1717; x_wconf 73' lang='lat' dir='ltr'>possim,</span> 
     </span>
     <span class='ocr_line' id='line_1_19' title="bbox 166 1720 1376 1805; baseline -0.001 -18"><span class='ocrx_word' id='word_1_116' title='bbox 166 1724 435 1805; x_wconf 79' lang='lat' dir='ltr'>aquibus·</span> <span class='ocrx_word' id='word_1_117' title='bbox 450 1737 667 1782; x_wconf 78' lang='lat' dir='ltr'>tantum</span> <span class='ocrx_word' id='word_1_118' title='bbox 696 1720 904 1781; x_wconf 80' lang='lat' dir='ltr'>vulnus</span> <span class='ocrx_word' id='word_1_119' title='bbox 923 1741 1205 1804; x_wconf 84' lang='lat' dir='ltr'>accepero.</span> <span class='ocrx_word' id='word_1_120' title='bbox 1251 1746 1376 1786; x_wconf 84' lang='lat' dir='ltr'>non</span> 
     </span>
     <span class='ocr_line' id='line_1_20' title="bbox 163 1810 1374 1891; baseline 0 -18"><span class='ocrx_word' id='word_1_121' title='bbox 163 1813 322 1873; x_wconf 84' lang='lat' dir='ltr'>enim</span> <span class='ocrx_word' id='word_1_122' title='bbox 340 1811 551 1872; x_wconf 84' lang='lat' dir='ltr'>inimici</span> <span class='ocrx_word' id='word_1_123' title='bbox 575 1810 683 1869; x_wconf 87' lang='lat' dir='ltr'>mei</span> <span class='ocrx_word' id='word_1_124' title='bbox 708 1824 763 1868; x_wconf 90' lang='lat' dir='ltr'>te</span> <span class='ocrx_word' id='word_1_125' title='bbox 776 1811 910 1869; x_wconf 87' lang='lat' dir='ltr'>mihi</span> <span class='ocrx_word' id='word_1_126' title='bbox 929 1812 1185 1891; x_wconf 84' lang='lat' dir='ltr'>eripient,</span> <span class='ocrx_word' id='word_1_127' title='bbox 1209 1810 1298 1874; x_wconf 86' lang='lat' dir='ltr'>sed</span> <span class='ocrx_word' id='word_1_128' title='bbox 1315 1833 1374 1873; x_wconf 86' lang='lat' dir='ltr'>a-</span> 
     </span>
     <span class='ocr_line' id='line_1_21' title="bbox 164 1895 1376 1977; baseline -0.002 -15"><span class='ocrx_word' id='word_1_129' title='bbox 164 1897 459 1962; x_wconf 71' lang='lat' dir='ltr'>miciffimiz</span> <span class='ocrx_word' id='word_1_130' title='bbox 510 1917 628 1957; x_wconf 86' lang='lat' dir='ltr'>non</span> <span class='ocrx_word' id='word_1_131' title='bbox 668 1895 807 1957; x_wconf 85' lang='lat' dir='ltr'>male</span> <span class='ocrx_word' id='word_1_132' title='bbox 834 1895 1135 1977; x_wconf 85' lang='lat' dir='ltr'>aliquando</span> <span class='ocrx_word' id='word_1_133' title='bbox 1179 1899 1250 1960; x_wconf 88' lang='lat' dir='ltr'>de</span> <span class='ocrx_word' id='word_1_134' title='bbox 1287 1919 1376 1962; x_wconf 86' lang='lat' dir='ltr'>me</span> 
     </span>
     <span class='ocr_line' id='line_1_22' title="bbox 166 1983 1374 2065; baseline -0.002 -18"><span class='ocrx_word' id='word_1_135' title='bbox 166 1986 381 2060; x_wconf 85' lang='lat' dir='ltr'>meriti,</span> <span class='ocrx_word' id='word_1_136' title='bbox 401 1983 491 2044; x_wconf 80' lang='lat' dir='ltr'>sed</span> <span class='ocrx_word' id='word_1_137' title='bbox 515 1985 723 2065; x_wconf 85' lang='lat' dir='ltr'>semper</span> <span class='ocrx_word' id='word_1_138' title='bbox 743 1986 973 2064; x_wconf 87' lang='lat' dir='ltr'>optime.</span> <span class='ocrx_word' id='word_1_139' title='bbox 1022 1986 1234 2044; x_wconf 86' lang='lat' dir='ltr'>nullum</span> <span class='ocrx_word' id='word_1_140' title='bbox 1266 2007 1374 2045; x_wconf 87' lang='lat' dir='ltr'>un-</span> 
     </span>
     <span class='ocr_line' id='line_1_23' title="bbox 168 2070 1372 2151; baseline 0.002 -21"><span class='ocrx_word' id='word_1_141' title='bbox 168 2091 361 2151; x_wconf 85' lang='lat' dir='ltr'>quam,</span> <span class='ocrx_word' id='word_1_142' title='bbox 380 2071 637 2149; x_wconf 60' lang='lat' dir='ltr'>⁴judicer„</span> <span class='ocrx_word' id='word_1_143' title='bbox 672 2073 829 2144; x_wconf 91' lang='lat' dir='ltr'>mihi,</span> <span class='ocrx_word' id='word_1_144' title='bbox 871 2085 1088 2129; x_wconf 87' lang='lat' dir='ltr'>tantum</span> <span class='ocrx_word' id='word_1_145' title='bbox 1118 2070 1372 2133; x_wconf 83' lang='lat' dir='ltr'>dolorem</span> 
     </span>
     <span class='ocr_line' id='line_1_24' title="bbox 166 2154 1368 2237; baseline 0 -20"><span class='ocrx_word' id='word_1_146' title='bbox 166 2160 427 2234; x_wconf 64' lang='lat' dir='ltr'>intueti-⁹2,</span> <span class='ocrx_word' id='word_1_147' title='bbox 452 2156 577 2227; x_wconf 76' lang='lat' dir='ltr'>(etsi</span> <span class='ocrx_word' id='word_1_148' title='bbox 606 2159 733 2236; x_wconf 85' lang='lat' dir='ltr'>quis</span> <span class='ocrx_word' id='word_1_149' title='bbox 755 2155 932 2237; x_wconf 88' lang='lat' dir='ltr'>potest</span> <span class='ocrx_word' id='word_1_150' title='bbox 953 2154 1058 2215; x_wconf 84' lang='lat' dir='ltr'>effe</span> <span class='ocrx_word' id='word_1_151' title='bbox 1091 2160 1308 2218; x_wconf 77' lang='lat' dir='ltr'>tantus?</span> <span class='ocrx_word' id='word_1_152' title='bbox 1338 2164 1368 2237; x_wconf 89' lang='lat'><em>)</em></span> 
     </span>
     <span class='ocr_line' id='line_1_25' title="bbox 165 2242 1370 2324; baseline 0.001 -20"><span class='ocrx_word' id='word_1_153' title='bbox 165 2243 261 2304; x_wconf 89' lang='lat' dir='ltr'>sed</span> <span class='ocrx_word' id='word_1_154' title='bbox 276 2264 347 2304; x_wconf 87' lang='lat' dir='ltr'>ne</span> <span class='ocrx_word' id='word_1_155' title='bbox 361 2248 511 2306; x_wconf 82' lang='lat' dir='ltr'><strong>hunc</strong></span> <span class='ocrx_word' id='word_1_156' title='bbox 526 2243 745 2324; x_wconf 87' lang='lat' dir='ltr'>quidem</span> <span class='ocrx_word' id='word_1_157' title='bbox 764 2242 960 2323; x_wconf 87' lang='lat' dir='ltr'>ipsum,</span> <span class='ocrx_word' id='word_1_158' title='bbox 976 2259 1038 2302; x_wconf 90' lang='lat' dir='ltr'>ut</span> <span class='ocrx_word' id='word_1_159' title='bbox 1055 2243 1370 2321; x_wconf 77' lang='lat' dir='ltr'>obliviscar,</span> 
     </span>
     <span class='ocr_line' id='line_1_26' title="bbox 166 2329 1370 2411; baseline 0.002 -22"><span class='ocrx_word' id='word_1_160' title='bbox 166 2334 369 2411; x_wconf 75' lang='lat' dir='ltr'>quanti</span> <span class='ocrx_word' id='word_1_161' title='bbox 391 2351 478 2392; x_wconf 79' lang='lat' dir='ltr'>me</span> <span class='ocrx_word' id='word_1_162' title='bbox 499 2329 705 2410; x_wconf 85' lang='lat' dir='ltr'>semper</span> <span class='ocrx_word' id='word_1_163' title='bbox 728 2331 987 2390; x_wconf 81' lang='lat' dir='ltr'>feceritis,</span> <span class='ocrx_word' id='word_1_164' title='bbox 1036 2351 1176 2408; x_wconf 89' lang='lat' dir='ltr'>quae</span> <span class='ocrx_word' id='word_1_165' title='bbox 1206 2330 1245 2390; x_wconf 89' lang='lat' dir='ltr'><strong>fi</strong></span> <span class='ocrx_word' id='word_1_166' title='bbox 1262 2353 1370 2392; x_wconf 77' lang='lat' dir='ltr'>vos</span> 
     </span>
     <span class='ocr_line' id='line_1_27' title="bbox 162 2414 1369 2496; baseline -0.002 -18"><span class='ocrx_word' id='word_1_167' title='bbox 162 2418 313 2496; x_wconf 86' lang='lat' dir='ltr'>cepit</span> <span class='ocrx_word' id='word_1_168' title='bbox 328 2417 561 2490; x_wconf 78' lang='lat' dir='ltr'>oblivio,</span> <span class='ocrx_word' id='word_1_169' title='bbox 592 2432 689 2474; x_wconf 84' lang='lat' dir='ltr'>aut</span> <span class='ocrx_word' id='word_1_170' title='bbox 702 2414 739 2474; x_wconf 88' lang='lat' dir='ltr'>fi</span> <span class='ocrx_word' id='word_1_171' title='bbox 764 2418 821 2474; x_wconf 88' lang='lat' dir='ltr'>in</span> <span class='ocrx_word' id='word_1_172' title='bbox 838 2435 928 2474; x_wconf 88' lang='lat' dir='ltr'>me</span> <span class='ocrx_word' id='word_1_173' title='bbox 949 2415 1157 2494; x_wconf 80' lang='lat' dir='ltr'>aliquid</span> <span class='ocrx_word' id='word_1_174' title='bbox 1187 2416 1369 2476; x_wconf 87' lang='lat' dir='ltr'>offen-</span> 
     </span>
     <span class='ocr_line' id='line_1_28' title="bbox 162 2501 1456 2584; baseline 0.002 -18"><span class='ocrx_word' id='word_1_175' title='bbox 162 2502 347 2566; x_wconf 79' lang='lat' dir='ltr'>distis:</span> <span class='ocrx_word' id='word_1_176' title='bbox 374 2523 474 2565; x_wconf 86' lang='lat' dir='ltr'>cur</span> <span class='ocrx_word' id='word_1_177' title='bbox 489 2523 609 2565; x_wconf 82' lang='lat' dir='ltr'>non</span> <span class='ocrx_word' id='word_1_178' title='bbox 625 2501 680 2564; x_wconf 87' lang='lat' dir='ltr'>id</span> <span class='ocrx_word' id='word_1_179' title='bbox 705 2503 1024 2584; x_wconf 82' lang='lat' dir='ltr'>meo-capite</span> <span class='ocrx_word' id='word_1_180' title='bbox 1053 2504 1370 2582; x_wconf 55' lang='lat' dir='ltr'>potius-lui,¹</span> <span class='ocrx_word' id='word_1_181' title='bbox 1447 2559 1456 2568; x_wconf 84' lang='lat'><strong>.</strong></span> 
     </span>
    </p>
   </div>
  </div>
 </body>
</html>
